1439 2437
301 183 343 210 62
716 176 920 209 NEMEA.

301 263 426 305 quidem
442 263 569 294 aliorum
586 262 665 294 aliae.
710 263 842 304 Oportet
858 267 960 293 autem
974 266 1056 293 recta
1065 262 1112 293 vifl
1122 263 1329 294 ambulantem

200 315 287 364 Λυξὸῖι
300 314 397 345 anniti
413 326 466 356 pro
484 319 598 345 natura.
622 333 665 337 --
686 314 781 345 Juvat
797 314 879 344 enirn
903 313 1068 344 certamina
1089 314 1188 351 robur,
1206 313 1332 345 consilia

301 376 405 396 mens:
439 370 473 396 ut
497 365 662 406 prospiciat
687 369 830 396 eventum
855 365 934 405 quis,
951 364 1124 405 ingenitum
1147 369 1203 403 est,
1218 364 1330 405 quibus

299 416 423 457 quidem
454 416 586 456 obtingit
602 416 688 447 illud.
732 415 802 445 Tua
829 420 944 453 autem,
969 426 988 445 o
1013 415 1189 456 Agesidami
1217 415 1271 453 fili,
1296 414 1330 445 in

299 467 400 497 indole
415 466 587 507 horumque
603 471 633 497 et
648 467 771 497 illorum
784 476 857 496 usus
870 471 941 496 sunt
960 465 1028 506 (tibi
1044 471 1150 496 natura
1166 470 1330 506 utrumque

300 518 409 557 adest).
455 518 529 548 Non
543 528 613 548 amo
626 528 753 559 magnas
766 517 851 547 domi
863 517 982 548 divitias
995 517 1186 548 absconditas
1198 518 1308 547 habere
1320 529 1330 555 ;

300 570 351 600 sed
369 569 568 610 praesentibus
584 573 614 599 et
630 571 707 599 bene
723 569 793 607 frui,
810 574 840 599 et
855 570 932 599 bene
948 569 1062 607 audire,
1079 569 1183 600 amicis
1205 569 1331 599 benefa-

301 619 419 650 ciendo.
465 620 501 650 In
518 620 576 650 hoc
595 620 677 650 enim
696 621 883 650 conveniunt
894 624 961 650 vota
973 631 1083 659 magna
1099 619 1330 660 suscipientium

207 681 250 710 Es..
265 684 286 704 ρ,
300 670 440 700 virorum.
456 689 499 693 ——
514 670 584 711 Ego
600 681 669 701 vero
685 670 716 700 in
734 670 870 701 Hercule
887 681 987 701 moror
1002 671 1141 709 libenter,
1155 671 1186 700 in
1200 670 1331 701 summis

267 731 272 736 ·
303 720 392 762 (ejus)
410 722 555 752 virtutum
571 722 710 762 fastigiis,
728 723 886 763 antiquam
904 723 1061 752 exordiens
1074 722 1227 752 fabulam:
1252 732 1330 762 quo-

300 772 401 810 modo,
413 777 573 814 postquam
588 784 625 803 ex
639 773 800 805 visceribus
815 773 918 804 matris
932 784 1067 803 serenam
1082 773 1164 803 illico
1184 773 1215 802 in
1226 773 1331 803 lucem

301 823 381 853 fflius
395 823 491 862 Jovis,
510 828 631 864 partum
655 824 796 861 evadens,
811 825 943 864 gemello
960 835 1032 854 curn
1050 825 1138 854 fratre
1154 823 1275 864 prodiit,
1290 843 1336 847 -—

198 868 247 904 ⁵³¹4
259 869 282 889 3*
299 875 347 904 ille
364 875 487 914 quidem
505 879 584 913 tum,
602 886 663 905 non
681 876 776 906 latens
795 876 1001 907 aurithronam
1025 875 1196 913 Junonem,
1212 885 1334 906 croceas

298 925 406 954 fascias
432 926 585 965 ingressus
601 931 665 964 est3
691 926 743 957 sed
760 926 885 957 deorum
909 927 1013 967 regina
1030 925 1142 956 irritata
1155 926 1259 956 animo
1275 925 1334 956 im-

299 975 381 1005 misit
398 976 543 1006 dracones
561 977 719 1016 protinus;
735 977 787 1018 qui
803 977 927 1018 quidem
939 978 1049 1018 apertis
1061 977 1154 1018 portis
1165 977 1197 1007 in
1208 976 1336 1007 thalami

297 1028 449 1066 penetrale
467 1028 604 1068 amplum
616 1028 811 1069 irrepserunt,
825 1029 959 1069 puerulis
976 1028 1076 1058 avidas
1091 1029 1184 1058 malas
1201 1027 1332 1058 circum-

296 1078 408 1117 plicare
425 1080 593 1119 cupientes,
641 1079 696 1109 Ille
710 1085 813 1110 autem
831 1086 967 1110 erectum
982 1079 1120 1110 extendit
1136 1084 1228 1119 caput
1243 1078 1334 1109 fecit-

195 1139 249 1160 Am.
258 1139 280 1161 :3,
297 1139 356 1170 que
372 1130 542 1170 periculum
557 1130 690 1170 primum
703 1141 817 1171 pugnae
829 1151 869 1155 —
880 1131 997 1162 duabus
1008 1130 1335 1171 effugium-non-dan-

243 1173 266 1193 ²
295 1180 376 1210 tibus
393 1181 535 1212 manibus
552 1182 614 1211 suis
630 1182 773 1222 geminos
791 1183 957 1224 corripiens
981 1182 1148 1213 cervicibus
1172 1185 1337 1222 serpentes.

294 1231 501 1272 Strangillatis
519 1243 588 1262 vcro
605 1237 727 1273 tempus
743 1233 860 1264 animas
875 1234 985 1264 efflavit
1002 1244 1018 1263 e
1035 1233 1178 1263 membris
1191 1231 1334 1262 infandis.

293 1282 487 1313 Intolerabile
512 1294 582 1313 vero
606 1293 677 1313 sane
699 1283 839 1324 jaculum
868 1287 984 1322 (terror)
1007 1283 1156 1325 percussit
1180 1283 1332 1321 mulieres,

291 1338 443 1374 quotquot
471 1334 633 1364 Alcmenae
660 1335 876 1366 ministrabant
899 1346 1067 1376 puerperae.
1112 1333 1241 1364 Etenim
1266 1334 1332 1374 ipsa

290 1385 417 1424 pedibus
435 1385 516 1415 nuda
532 1386 689 1426 prosiliens
707 1397 723 1416 e
739 1391 845 1424 strato,
862 1387 954 1417 simul
973 1392 1056 1424 (curn
1075 1385 1153 1425 aliis)
1170 1385 1330 1426 propulsa-

192 1441 233 1470 [ἰμ.
253 1442 274 1464 2³.
291 1437 333 1466 vit
357 1436 498 1478 injuriam
527 1438 705 1468 bestiarum.
730 1457 772 1460 —-
796 1437 967 1468 Confestim
993 1443 1096 1469 autem
1122 1436 1327 1466 Cadmeorum

290 1498 428 1528 proceres
446 1487 529 1518 zereis
545 1499 616 1518 cum
628 1488 719 1519 armis
730 1494 924 1519 accurrerunt
941 1488 1046 1519 crebri.
1094 1488 1194 1518 Manu
1205 1497 1328 1527 quoque

289 1538 476 1579 Amphitruo
491 1538 599 1579 vagina
619 1539 734 1570 nudum
753 1539 871 1569 vibrans
886 1550 989 1569 ensem
1008 1540 1102 1576 venit,
1120 1538 1217 1569 acutis
1240 1538 1326 1568 dolo-

288 1589 370 1619 ribus
386 1600 558 1630 percussus.
604 1590 688 1621 Nam
714 1591 919 1621 domesticum
947 1590 1126 1627 (domestica
1153 1589 1322 1629 calamitas)

286 1640 423 1681 percellit
440 1652 547 1671 omnes
563 1640 683 1681 pariter,
694 1641 795 1672 statim
808 1652 876 1672 vero
892 1642 1126 1682 doloris-expers
1143 1652 1194 1671 cor
1204 1641 1234 1672 in
1244 1642 1328 1671 lucto

189 1702 233 1723 sur.
255 1704 270 1724 ι,
286 1691 395 1722 alieno.
419 1711 462 1714 —a
485 1692 579 1722 Stetit
605 1703 674 1722 vero
699 1693 731 1722 in
756 1697 911 1733 stuporem
937 1704 1059 1733 gravem
1088 1692 1326 1733 jucundumque

219 1736 258 1756 3³·
286 1742 454 1783 conjectus.
499 1742 630 1773 Videbat
656 1743 738 1773 enim
768 1744 968 1774 excellentem
997 1744 1135 1773 animum
1167 1742 1323 1773 fortitudi-

286 1804 417 1834 nemque
435 1793 499 1830 filii,
516 1799 546 1823 et
563 1794 594 1823 in
611 1794 795 1824 contrarium
822 1805 938 1825 versam
956 1794 982 1824 ei
1002 1794 1192 1825 [mmortales
1217 1793 1323 1825 nunti-

285 1845 403 1875 antium
419 1845 620 1875 narrationem
643 1845 812 1875 effecerant.
859 1845 1005 1875 Vicinum
1024 1845 1160 1876 evocavit
1175 1845 1262 1877 Jovis
1277 1845 1322 1875 al-

286 1895 395 1926 tissimi
412 1896 591 1936 prophetam
618 1896 777 1934 eximium,
794 1896 958 1927 veridicum
975 1896 1136 1936 Tiresiam,
1155 1896 1207 1937 qui
1224 1896 1251 1926 ei
1267 1906 1321 1926 ex-

284 1946 384 1987 posuit
400 1951 430 1977 et
446 1943 531 1977 om'ni
542 1949 652 1985 turbae,
663 1948 846 1988 quibuscum
858 1948 1086 1979 conflictaturus
1100 1952 1179 1978 esset
1190 1947 1321 1987 casibus,
1332 1944 1333 1947 ¹

174 2006 236 2042 nuri>
250 2009 266 2026 r.
284 2015 326 2019 —
348 2003 424 2038 quot
441 1998 472 2028 in
498 2003 574 2028 terra
596 1999 820 2037 interfecturus,
838 2004 974 2041 quotque
995 2000 1025 2029 in
1041 1999 1115 2030 mari
1132 1999 1242 2030 bestias
1259 1998 1320 2029 im-

245 2056 249 2061 '
285 2060 399 2086 manes,
417 2060 572 2090 quemque
589 2050 679 2080 etiam
698 2051 860 2081 homiuum
878 2061 948 2081 cum
967 2051 1070 2091 iniqua
1093 2048 1252 2081 insolentia
1268 2049 1318 2079 in-

286 2100 461 2140 ccdentem3
489 2101 584 2133 diram
601 2102 628 2132 ei
653 2102 730 2132 dixit
755 2112 825 2133 eum
851 2102 1005 2134 illaturum
1028 2107 1168 2133 mortem.
1216 2101 1319 2142 Atque
