1439 2437
463 156 692 190 CARMEN
717 154 756 186 V.
1091 156 1130 182 45

105 253 208 285 domo.
230 268 271 272 —
293 247 453 289 Sapientes
469 254 538 276 vero
560 243 695 285 pulcrius
719 242 826 280 (bene)
851 240 953 270 ferunt
974 238 1137 269 divinitus·
1156 255 1212 277 Ant.
1226 255 1265 277 15.

94 305 192 338 ,datas
204 311 285 343 opes.
329 298 375 329 Te
399 307 468 327 vero
491 294 686 326 incedentem
704 293 734 323 in
747 291 867 334 justitia
884 300 996 331 magna
1011 290 1140 320 felicitas

108 352 309 396 amplectitur,
325 355 393 380 tum
410 348 481 389 quia
496 357 548 378 rex
564 357 595 376 es
612 355 795 385 magnarum
820 343 956 381 urbium,
973 342 1141 382 oculusque

109 404 289 446 congenitus
310 401 353 441 (h.
376 410 403 430 e.
426 399 510 438 tuus)
530 408 593 439 prae
616 408 647 428 se
664 397 721 427 sert
745 394 948 426 venerandam
973 394 1053 424 hanc
1076 404 1143 423 ma-

105 457 247 500 jestatem
271 464 341 484 cum
366 450 526 494 prudentia
548 454 600 479 tua
624 447 844 489 conjunctam3
868 451 933 476 tum
951 455 1021 476 vero
1037 445 1143 475 beatus

109 508 202 540 etiam
220 516 301 537 nunc
314 516 356 543 es,
373 503 502 545 gloriosa
515 501 596 542 quod
609 500 768 531 victoriam
780 499 847 541 jam
864 499 896 529 in
907 497 1055 539 Pythiade
1067 496 1144 536 (Py-

109 559 193 591 thico
206 556 347 596 sollenni)
367 554 451 596 equis
467 553 595 594 adeptus
605 551 717 593 accipis
728 551 848 581 huncce
861 549 983 580 victoris
994 558 1143 589 pompam

111 612 278 643 ducentem
290 608 423 639 virorum
440 606 600 647 hymnum,
615 623 658 627 —
674 603 872 645 Apollineum
884 601 1049 632 ludicrum.
1095 598 1145 629 Id-
1162 606 1208 636 Ep.
1226 608 1249 629 1.

114 663 196 695 circo
223 671 262 692 ne
288 659 483 697 obliviscaris,
515 658 547 688 in
579 656 709 697 Cyrene,
737 655 880 696 pulcrum
912 653 993 683 circa
1023 653 1146 682 hortum
1178 641 1217 662 ‘⁴⁹‘

113 713 251 751 Veneris,
267 712 452 743 celebratum
473 709 595 750 (illud):
619 707 725 738 omnia
739 706 862 747 quidem
883 705 920 736 ad
936 705 1027 735 deum
1042 708 1148 734 aucto-

115 776 177 797 rem
193 764 312 795 referre.
357 763 471 793 Amato
487 771 557 791 vero
573 759 756 790 Carrhotum
782 757 895 787 eximie
918 756 998 786 inter
1014 755 1148 785 amicos:

114 816 167 858 qui
184 826 246 846 non
260 814 440 855 Epimethci
463 823 569 843 secum
593 812 708 842 habens
724 807 954 849 sero-sapientis
971 807 1066 837 filiam
1084 806 1151 836 Ex-

118 867 308 899 cusationem
331 864 525 895 Battidarum
548 861 686 903 pervenit
702 860 740 891 ad
755 860 862 890 domos
874 858 1151 899 jura-colentium3

119 918 171 950 sed
188 927 291 948 currus
308 915 484 950 victorialis,
499 914 535 944 ad
552 923 663 953 aquam
681 911 823 942 Castalia».
841 910 972 951 hospitio
995 914 1154 950 exceptus,

121 968 286 1012 praemium
304 965 450 1006 imposuit
472 964 532 994 tuis
556 963 665 1001 comis,
680 981 725 985 ——
748 961 838 992 salvis
862 960 988 991 habenis
1005 971 1156 1002 equorum
1170 969 1218 992 Sur.
1232 971 1255 991 e.

122 1019 276 1050 velocium
288 1016 784 1047 duodecim-cursus-emensorum
796 1013 827 1043 in
838 1023 948 1054 campo
958 1023 1053 1043 sacro.
1086 1012 1158 1043 Fre-
1188 1003 1229 1024 ‘¹3‘

122 1071 167 1112 git
175 1069 257 1101 enim
268 1069 546 1099 instrumentorum
555 1066 650 1096 robur
659 1066 790 1103 nullum,
801 1064 853 1095 sed
864 1064 1000 1105 pendent
1011 1065 1160 1103 dedicata,

122 1130 318 1164 quaecunque
332 1117 659 1150 manu-fabricantium
673 1117 826 1147 fabrorum
843 1126 933 1156 opera
945 1116 1072 1146 afferens
1096 1116 1163 1147 Cri-

126 1183 224 1204 saeum
243 1171 353 1202 collem
377 1173 594 1211 praetervectus
610 1173 666 1206 est,
683 1167 714 1198 in
731 1178 805 1198 cavo
822 1167 903 1197 saltu
926 1167 987 1197 Dei
999 1179 1008 1205 3
1034 1168 1162 1199 totidem

129 1224 225 1264 (baec)
249 1226 334 1252 tenet
359 1220 534 1261 cupressina
554 1220 647 1257 trabs,
665 1218 703 1249 ad
720 1223 852 1249 statuam
875 1229 980 1260 prope,
1005 1218 1165 1250 Cretenses

125 1285 218 1316 quam
237 1273 385 1314 sagittarii
402 1272 434 1303 in
451 1273 567 1313 templo
581 1271 741 1302 Parnassio
757 1271 955 1309 collocarunt,
973 1272 1064 1302 unius
1079 1273 1166 1303 arbo-

128 1326 169 1358 ris
184 1331 341 1357 truncum.
365 1343 409 1349 -—
430 1324 586 1355 Benevola
599 1324 700 1364 itaque
716 1323 804 1354 decet
821 1327 924 1354 mente
940 1325 1165 1355 benefactorem
1180 1341 1236 1363 Ant.
1247 1342 1269 1362 ρ,

123 1377 274 1418 excipere.
317 1376 364 1407 Te
386 1386 469 1414 vero,
485 1386 504 1406 o
522 1375 659 1406 Alexibii
681 1375 736 1413 fili,
756 1374 941 1416 (Carrhote,)
967 1374 1167 1416 pulcricomae
1197 1374 1236 1396 5⁷·

128 1428 283 1459 illustrant
299 1427 417 1459 Gratiae
436 1427 543 1467 (Musa
557 1427 679 1468 lyrica),
695 1427 803 1457 beatus
819 1427 873 1467 qui
887 1427 980 1457 habes
994 1427 1086 1458 etiam
1099 1433 1169 1468 post

128 1490 277 1520 magnum
294 1479 426 1510 laborem
444 1478 616 1509 carmin‘um
633 1477 960 1519 proestantissimorum
978 1468 1167 1510 monumen-

127 1534 207 1561 tum.
252 1529 337 1561 Inter
360 1529 561 1571 quadraginta
584 1529 668 1560 enim
697 1530 797 1570 lapsos
821 1529 941 1569 aurigas
958 1534 993 1560 tu
1009 1529 1167 1570 integrum

131 1591 254 1612 currum
279 1586 436 1622 reportans
464 1579 615 1621 intrepido
638 1580 748 1624 animq
770 1579 884 1610 rediisti
908 1579 974 1620 jam
1002 1581 1034 1611 in
1062 1581 1171 1622 Libyae

129 1641 275 1672 campum
293 1642 331 1662 ex
347 1631 515 1672 splendidis
531 1631 752 1661 certaminibus
775 1631 967 1671 patriamque
984 1632 1102 1663 urbem.
1126 1652 1171 1656 --

129 1682 285 1712 Laborum
303 1692 374 1713 vero
387 1692 478 1712 nemo
494 1692 596 1712 exsors
613 1686 659 1712 est
676 1692 779 1722 neque
795 1681 862 1712 erit.
908 1681 994 1712 Batti
1017 1693 1087 1713 vero
1100 1695 1168 1725 per·
1186 1698 1296 1730 Epo11.‘2.

130 1737 236 1764 manet
252 1733 349 1773 prisca
366 1733 503 1768 felicitas,
519 1732 551 1762 in
572 1737 697 1774 utraque
710 1733 783 1764 licet
795 1733 936 1771 fortuna3
954 1744 1171 1775 propugnacu-
1210 1735 1250 1756 ⁷¹·

132 1786 197 1815 lum
223 1783 317 1822 urbis,
334 1785 502 1825 lumenque
526 1783 732 1815 clarissimum
756 1783 937 1824 hospitibus.
983 1784 1074 1816 Illum
1100 1797 1172 1817 sane

133 1838 163 1864 et
180 1834 353 1866 frendentes
374 1836 477 1866 leones
502 1847 565 1876 prae
581 1836 691 1866 timore
716 1835 873 1875 fugerunt,
889 1835 1026 1875 linguam
1051 1838 1174 1878 quando

133 1885 193 1916 illis
205 1887 309 1917 attulit
324 1887 571 1918 transmarinam.
616 1887 700 1917 Nam
718 1891 824 1917 auctor
840 1887 971 1917 coloniae
984 1887 1174 1920 deduc-ende

134 1935 217 1967 dedit
233 1938 344 1978 Apollo
360 1938 470 1968 bestias
486 1938 568 1978 gravi
585 1937 693 1975 metui,
714 1942 745 1968 ut
770 1949 806 1968 nc
830 1938 939 1968 rectori
957 1938 1090 1978 Cyrenes
1107 1941 1173 1971 irri-

136 1991 186 2018 tus
202 1987 287 2019 fieret
299 1988 330 2018 in
347 1989 486 2020 oraculis.
508 2008 552 2012 —-
575 1989 637 2022 Qui
651 1993 681 2019 et
695 1989 837 2029 gravium
851 1990 1027 2019 morborum
1041 1992 1174 2023 remedia
1188 2011 1235 2032 sm
1249 2012 1274 2034 3

138 2037 207 2068 viris
231 2043 261 2068 et
285 2040 465 2070 mulieribus
493 2039 658 2078 distribuit,
683 2041 859 2081 praebetque
888 2039 1047 2079 citharam,
1061 2041 1174 2083 datque
1205 2047 1245 2067 δῦ.

139 2087 265 2120 Musam
279 2090 511 2132 quibuscunque
526 2091 665 2130 voluerit,
680 2091 833 2132 placidam
853 2091 882 2120 iu
897 2091 1037 2122 animum
1054 2093 1095 2123 im
1103 2096 1173 2124 mit-

140 2143 206 2170 tens
223 2141 494 2182 tranquillitatem3
520 2147 705 2184 antrumque
730 2142 806 2183 regit
830 2141 1005 2182 fatidicum,
1023 2155 1075 2185 per
1091 2146 1174 2186 quod
