1439 2437
280 187 322 215 40
688 179 908 216 PYTHIA.

278 273 323 300 tas
351 269 490 311 quinque
515 269 680 311 decerpens
706 274 811 300 noctes
838 275 931 312 atque
957 270 1020 301 dies
1047 282 1166 303 sacrum
1193 272 1311 305 laetitiae

179 325 225 355 Ep.
240 329 262 351 6.
276 321 380 351 florem
393 332 402 359 3
426 339 470 344 —
492 325 523 351 at
537 326 624 351 sexto
639 320 688 351 die
701 332 827 352 omnem
844 322 894 352 ille
910 322 947 352 ab
964 322 1050 353 initio
1066 324 1177 354 serium
1194 335 1311 355 sermo-

191 361 247 382 ⁴234.
276 383 346 403 nem
375 371 568 413 propositum
598 383 669 403 cum
699 373 936 413 consanguineis
966 376 1215 406 communicavit.
1262 375 1311 406 Illi

274 434 343 454 vero
367 424 530 464 obsequuti
557 429 640 454 sunt.
686 424 801 454 Statim
827 435 897 454 vero
914 435 951 454 ex
968 426 1090 456 sedibus
1106 426 1221 467 proruit
1237 437 1310 457 cum

272 474 341 505 illis.
385 474 428 504 Et
444 479 593 505 venerunt
607 475 642 505 ad
656 475 737 505 aedes
749 474 853 513 Peliae,
870 474 1078 516 irruentesque
1095 477 1309 508 constiterunt.

270 526 321 557 De
337 525 373 556 iis
389 536 459 556 vero
473 537 542 556 cum
561 526 705 565 audisset,
717 526 781 566 ipse
795 526 915 556 obviam
928 529 1074 567 processit
1086 528 1187 568 Tyrus
1203 538 1308 558 coma-

270 577 503 608 rum-studiosae
531 578 623 608 filius.
670 576 829 608 Placidum
862 582 965 608 autem
991 578 1088 609 Jason
1119 579 1206 610 molli
1233 589 1308 609 voce

270 628 387 658 stillans
404 640 578 659 sermonem
591 627 669 670 jecit
682 628 920 659 fundamentum
934 629 1109 670 sapientum
1126 631 1306 662 verborum:

171 679 254 734 53177-
270 679 329 710 Fili
346 679 489 721 Neptuni
508 679 629 718 Petraei,
644 700 689 704 -—
703 685 775 710 sunt
791 680 914 721 quidem
931 681 1093 713 hominum
1116 687 1237 712 mentes
1254 693 1307 712 ve-

236 729 241 733 ”
269 731 394 761 lociores
417 732 454 762 ad
477 732 640 762 utilitatem
667 732 891 762 fraudulentam
915 731 1046 773 justitiae
1072 733 1306 774 praesermdam,

268 794 341 814 cum
359 787 464 813 tamen
480 783 517 813 ad
534 793 674 824 asperum
689 782 746 813 sibi
759 783 802 812 sic
819 783 900 813 viam
918 794 1021 824 parare
1037 785 1155 814 soleant
1171 784 1304 814 exitum.

266 835 310 864 At
327 845 375 864 me
392 839 513 876 oportet
529 838 559 864 et
576 839 617 871 te,
634 834 770 874 legitime
787 834 923 865 fraenatis
936 834 1109 873 affectibus,
1126 839 1228 865 texere
1254 835 1304 865 fu-

267 891 366 916 turam
382 888 547 924 (nostram)
559 885 748 916 felicitatem.
787 885 904 916 Scienti
922 885 976 916 tibi
990 886 1068 917 dico.
1108 886 1181 916 Una
1194 885 1306 916 mulier

266 937 450 978 Cretheique
473 942 571 967 mater
585 936 645 967 fuit
667 941 698 967 et
722 936 991 967 audacis-consilio
1014 937 1193 974 Salmonei;
1217 936 1305 967 tertia

264 998 334 1018 vero
349 988 545 1028 generatione
560 998 614 1017 nos
628 987 771 1028 deinceps
785 988 822 1017 ab
839 987 899 1017 illis
915 987 970 1018 sati
984 988 1076 1018 robur
1087 987 1159 1018 solis
1176 997 1302 1017 aureum

266 1040 429 1070 cernimus.
475 1038 578 1069 Parere
596 1044 699 1069 autem
718 1043 909 1077 aversantur,
926 1038 951 1068 si
967 1049 1028 1079 qua
1050 1039 1191 1069 simultas
1207 1038 1302 1068 inter-

165 1102 211 1123 Am
229 1105 251 1125 7.
266 1091 346 1121 cedit
363 1090 512 1131 cognatis,
530 1090 645 1131 pudore
663 1090 791 1131 (pietate
808 1089 887 1120 inter
903 1092 971 1128 eos)
989 1089 1138 1120 extincto.
1160 1108 1204 1112 —-
1227 1088 1301 1119 Non

179 1137 232 1158 ⁶²⁶¹·
264 1141 352 1172 decet
369 1152 423 1171 nos
440 1141 516 1171 duos
533 1140 822 1182 {es-penetrantibus
842 1140 950 1181 gladiis
973 1145 1026 1170 aut
1044 1138 1155 1180 jaculis
1172 1150 1302 1179 magnas

262 1191 414 1232 majorum
431 1202 503 1232 opes
519 1191 634 1232 partiri.
679 1192 763 1221 Oves
776 1191 891 1232 quippe
908 1191 965 1221 tibi
979 1201 1036 1230 ego
1051 1195 1082 1220 et
1096 1191 1191 1220 boum
1208 1190 1301 1220 flavos

261 1254 368 1283 greges
390 1242 529 1283 relinquo
546 1249 696 1283 agrosque
712 1253 831 1280 omnes,
848 1252 924 1283 quos
940 1242 1055 1271 ablatos
1072 1241 1148 1271 meis
1166 1240 1300 1281 parenti-

262 1295 319 1324 bus
349 1294 530 1334 dcpasceris,
547 1305 620 1335 opes
649 1298 716 1323 tuas
744 1294 840 1323 alens.
884 1292 996 1333 Neque
1023 1302 1073 1322 me
1098 1291 1194 1332 angit,
1218 1291 1301 1331 quod

261 1350 347 1375 tuam
365 1345 492 1375 domum
506 1345 575 1376 haee
592 1345 677 1375 valde
688 1344 888 1385 amplificant.
933 1344 994 1374 Sed
1011 1343 1165 1384 sceptrum
1178 1343 1297 1382 regium

261 1401 290 1426 et
307 1396 464 1434 thronum,
480 1395 530 1426 cui
546 1396 619 1426 olim
637 1395 794 1426 Crethides
812 1394 942 1434 (AEson)
959 1394 1094 1424 insidens
1110 1393 1296 1434 equestrium

260 1447 412 1487 dirigebat
428 1448 613 1488 populorum
627 1446 715 1488 jura3
740 1447 810 1477 haec
826 1446 952 1486 quidem
971 1445 1038 1476 sine
1055 1444 1215 1476 communi
1231 1455 1309 1474 mo·-

163 1504 206 1535 Ερ.
221 1508 245 1528 7.
260 1499 348 1529 lestia
358 1518 394 1521 —
409 1498 499 1528 redde
513 1498 610 1535 nobis,
622 1509 661 1528 ne
671 1497 751 1538 quod
762 1496 883 1537 gravius
894 1496 964 1527 inde
978 1496 1032 1526 tibi
1043 1496 1158 1526 excites
1169 1495 1298 1525 malum.

179 1539 232 1561 ἠδ’
260 1551 313 1581 Sic
330 1550 436 1591 utique
452 1550 538 1580 dixit.
585 1549 708 1580 Placide
725 1553 829 1578 autem
847 1547 980 1578 vicissim
997 1548 1148 1578 allocutus
1162 1550 1207 1577 est
1224 1556 1296 1577 eum

258 1602 351 1633 etiam
369 1602 483 1632 Pelius:
509 1601 571 1632 Ero
588 1601 666 1631 talis.
712 1599 771 1630 Sed
785 1598 849 1641 jam
868 1609 917 1630 me
930 1598 1033 1629 senilis
1046 1608 1113 1639 pars
1127 1596 1227 1628 aetatis
1243 1606 1296 1627 ur-

258 1658 329 1693 get:
355 1653 454 1688 (adest
473 1653 547 1683 mihi
561 1657 721 1689 senectus3
739 1656 803 1682 tuae
820 1661 890 1681 vero
907 1650 1007 1680 aetatis
1018 1650 1072 1680 flos
1082 1647 1181 1678 adhuc
1192 1647 1295 1687 viget;

258 1711 406 1744 potesque
423 1705 537 1734 auferre
553 1703 628 1733 iram
643 1702 823 1733 inferorum.
868 1700 964 1731 Jubet
981 1700 1062 1731 enim
1078 1698 1210 1729 Phrixus
1223 1707 1295 1738 pro-

258 1756 372 1785 fectum
391 1755 427 1785 ad
452 1755 556 1785 AEetae
581 1754 731 1784 thalamos
748 1764 834 1784 suam
851 1752 986 1783 animam
1009 1751 1103 1792 piare,
1121 1750 1295 1791 pellemque

257 1807 357 1838 arietis
384 1808 521 1838 villosam
551 1806 678 1843 auferre,
695 1816 757 1846 quo
784 1805 857 1834 olim
876 1815 891 1834 e
914 1802 990 1833 mari
1014 1805 1149 1832 servatus
1170 1798 1229 1831 fuit
1250 1817 1296 1822 —

156 1868 201 1891 Su.
221 1871 243 1891 τι,
257 1871 335 1900 eque
353 1870 491 1890 novere-(e
509 1857 612 1898 impiis
628 1857 706 1887 telis.
753 1855 836 1886 Haec
854 1854 928 1885 mihi
947 1853 1058 1883 mirum
1075 1850 1232 1882 somnium
1248 1848 1293 1878 al-

172 1903 227 1924 238·
257 1912 374 1951 lapsum
394 1910 528 1941 mandat.
574 1908 645 1948 Ego
662 1918 731 1938 vero
746 1907 904 1937 oraculum
929 1903 1071 1936 consului
1088 1901 1168 1943 apud
1185 1900 1292 1930 Casta-

255 1962 339 2000 liam,
357 1962 380 1991 si
397 1961 469 2002 quid
487 1959 635 2001 explorari
660 1962 779 2000 posset3
805 1957 895 1998 idque
908 1955 1000 1997 jussit
1017 1965 1066 1985 me
1087 1963 1178 1994 quam
1197 1951 1292 1981 celer-

254 2014 329 2044 rime
347 2013 415 2042 navi
426 2012 579 2052 suscipere
591 2009 822 2051 profectionem.
858 2007 969 2038 fiune
982 2010 1016 2037 tu
1033 2006 1165 2035 laborem
1182 2004 1292 2042 sponte

256 2064 378 2104 perfice,
396 2069 462 2093 tum
482 2063 537 2093 tibi
551 2060 758 2092 monarchiam
770 2065 801 2090 et
813 2057 1022 2099 regnumjuro
1036 2067 1084 2086 me
1096 2053 1291 2089 traditurum,

255 2115 378 2145 firmum
389 2113 606 2155 jusjurandum
626 2113 677 2150 (is,
694 2122 746 2154 per
762 2120 851 2152 quem
870 2113 973 2139 sancte
986 2107 1118 2149 juratur)
1134 2105 1219 2136 testis
1235 2102 1289 2135 ad-
