1439 2437
186 429 240 452 Ant.
252 431 275 452 3.

199 463 240 485 97.

192 784 270 813 Esus.

200 820 253 839 111.

186 1146 233 1168 Str.
248 1147 270 1169 4.

198 1180 250 1201 124.

175 1513 230 1536 Ant.
241 1516 263 1536 4.

194 1548 245 1570 1238.

174 1908 219 1933 nv.
236 1911 250 1930 ,ι

190 1942 242 1963 1:72.

292 190 332 217 38
697 188 919 221 PYTHIA.
952 174 956 189 ⁵

288 271 388 313 quiin
405 272 520 303 hancce
536 273 685 305 beneficio
707 274 832 305 deorum
856 274 987 305 insulam
1011 274 1166 305 venientes
1187 274 1320 315 genituri

287 325 349 354 sint
363 323 471 362 virum,
483 334 662 365 camporum
675 325 830 365 nigrorum
844 324 1018 363 dominum,
1032 325 1175 364 (Battum
1187 328 1211 364 ι)
1227 336 1320 366 quem

287 375 410 416 quidem
440 374 616 405 auri-divite
639 376 804 416 aliquando
825 375 857 405 in
883 375 948 406 aede
978 375 1117 406 Phoebus
1143 375 1320 407 admonebit

287 426 416 456 oraculis
432 426 577 466 Pythium
595 428 748 468 templum
772 427 941 467 ingressum
955 438 962 457 :
986 446 1030 450 —
1044 431 1080 457 ut
1095 431 1231 469 tempore
1247 427 1319 458 seri-

286 487 336 506 ore
351 477 476 506 navibus
492 478 605 508 multos
614 478 743 508 deducat
757 477 823 508 Nili
837 477 874 507 ad
886 477 999 518 pingue
1009 479 1157 519 templum
1168 478 1319 510 Saturnii.

286 527 361 557 Erat
390 527 458 558 haec
489 528 612 559 Medeae
643 529 801 559 verborum
831 528 934 559 series.
982 529 1218 569 obstupuerunt
1248 539 1318 559 vero

284 577 406 609 immoti
422 579 544 609 silentio
560 579 665 610 heroes
682 579 775 610 divini
788 579 979 610 reconditum
996 579 1176 610 vaticinium
1192 579 1318 610 audien-

284 634 340 660 tes.
384 630 430 660 Te
447 641 527 669 vero,
543 642 561 661 o
578 632 663 662 beate
675 631 717 661 fili
728 631 996 671 Polymnesti,h0c
1012 641 1150 661 sermone
1160 631 1316 662 oraculum

284 681 379 711 erexit
396 682 559 712 sacerdotis
576 681 739 722 Delphicae
750 686 857 723 sponte
874 682 1003 719 editum,
1020 693 1089 722 quae
1102 685 1131 711 te
1147 682 1259 712 salvere
1271 686 1316 712 ter

285 742 354 762 cum
367 731 519 772 jussisset,
536 733 598 763 fato
613 733 798 763 destinatum
812 744 915 774 regem
931 733 1093 763 declaravit
1107 732 1249 773 Cyrenes,
1272 752 1316 756 ——

283 782 355 812 dum
367 787 400 812 tu
412 783 632 824 interrogabas:
649 784 803 824 quomodo
816 783 962 825 impedita
971 784 1092 824 loquela
1102 784 1175 814 solvi
1186 783 1313 814 deorum

283 833 432 863 beneficio
449 839 559 875 posset.
606 834 723 875 Utique
739 835 831 865 etiam
849 846 945 873 nunc,
962 845 1018 865 ceu
1033 834 1314 875 floribus-purpurei

282 885 358 915 veris
384 886 416 915 in
438 885 550 926 vigore,
578 885 656 916 inter
677 884 770 926 hujus
796 885 911 924 (Batti)
938 890 1073 926 posteros
1097 889 1203 915 octava
1227 878 1313 915 flo'ret

282 935 453 975 progenies,
478 937 671 967 Arcesilaus:
705 936 754 967 cui
777 937 889 977 Apollo
918 936 1078 977 Pythoque
1105 935 1232 976 gloriam
1260 947 1315 976 per

282 986 525 1028 Amphictyonas
536 988 667 1028 praebuit
678 998 793 1018 cursus.
831 987 900 1028 Ego
915 998 985 1019 vero
995 998 1065 1018 eum
1083 987 1184 1018 Musis
1198 987 1313 1018 tradam

282 1043 313 1068 et
336 1048 461 1068 aureum
482 1039 577 1069 vellus
605 1038 716 1069 arietis.
761 1038 810 1068 Ad
827 1038 902 1069 illud
925 1038 1007 1069 enim
1029 1038 1104 1069 dum
1129 1039 1313 1078 navigabant

272 1090 414 1129 ⁷Minyoe,
430 1089 574 1119 divinitus
591 1089 675 1120 missi
689 1089 760 1130 ipsis
769 1089 900 1119 honores
909 1089 1057 1129 originem
1072 1089 1253 1120 habuerunt.
1269 1108 1313 1113 —

284 1141 437 1174 Quaenam
451 1141 544 1180 igitur
558 1140 645 1171 initia
656 1141 781 1171 fuerunt
793 1140 1014 1180 navigationis?
1039 1151 1169 1181 quaeque
1182 1140 1312 1170 necessi-

282 1197 326 1222 tas
353 1192 460 1223 validis
485 1191 688 1222 adamantinis
712 1191 779 1221 illos
809 1191 943 1231 alligavit
972 1191 1085 1222 clavis?
1118 1191 1222 1221 Fatale
1248 1194 1311 1221 erat

281 1243 396 1274 Peliam
421 1244 458 1273 ab
481 1243 651 1273 illustribus
678 1242 811 1273 AEolidis
835 1242 964 1272 interfici
988 1243 1050 1273 sive
1079 1242 1231 1280 manibus,
1248 1241 1310 1272 sive

279 1295 413 1325 consiliis
439 1294 537 1325 saevis.
584 1293 678 1324 Venit
701 1293 847 1323 nimirum
871 1293 974 1323 animo
999 1292 1064 1334 ejus
1080 1293 1222 1334 prudenti
1239 1293 1310 1323 hor-

278 1345 406 1376 rendum
438 1345 616 1375 vaticinium
648 1344 730 1385 apud
761 1343 898 1374 medium
928 1344 1110 1374 umbilicum
1137 1343 1308 1384 (Delphos)

279 1397 431 1433 arborosae
450 1395 567 1426 editum
589 1395 710 1426 matris:
734 1399 768 1424 ut
785 1395 882 1425 virum
906 1395 999 1424 altero
1015 1399 1136 1425 tantum
1152 1394 1229 1434 pede
1245 1394 1307 1424 cal-

278 1452 399 1478 ceatum
423 1457 607 1487 magnopere
632 1451 760 1483 caveret,
777 1446 802 1476 si
818 1445 939 1486 quando
962 1445 1030 1475 altis
1053 1456 1069 1476 e
1084 1444 1252 1476 recessibus
1275 1445 1308 1475 in
1344 1445 1346 1449 ’

277 1499 409 1540 apricam
427 1503 535 1528 terram
549 1498 665 1528 veniret
681 1498 749 1528 talis
765 1496 881 1527 inelitae
896 1497 972 1528 Iolci
987 1516 1031 1520 -—
1043 1496 1104 1527 sive
1120 1496 1307 1537 peregrinus,

276 1550 338 1580 sive
355 1549 439 1580 civis.
484 1548 576 1578 Venit
592 1548 685 1589 igitur
700 1548 824 1578 tandem
842 1547 934 1577 hastis
946 1547 1077 1592 geminis
1090 1547 1133 1577 vir
1147 1546 1306 1584 terribilis3

275 1601 426 1640 vestisque
441 1599 605 1640 dupliciter
627 1610 698 1630 eum
715 1598 812 1629 texit:
836 1599 941 1637 altera,
958 1598 1160 1638 Magnetibus
1182 1597 1305 1634 usitata,

274 1652 430 1693 applicans
442 1662 473 1681 se
489 1650 672 1681 admirandis
686 1650 847 1687 membris3
868 1650 961 1679 altera
976 1659 1044 1679 vero
1059 1648 1137 1679 circa
1152 1658 1218 1678 eam
1235 1658 1303 1688 par-

273 1704 304 1734 di
326 1703 413 1744 pellis
431 1704 550 1733 arcebat
575 1701 933 1733 horrorem-incutientes
956 1700 1077 1730 imbres.
1123 1699 1235 1740 Neque
1251 1710 1303 1729 eo-

274 1766 391 1786 marum
420 1754 555 1785 cincinni
586 1753 706 1784 detonsi
736 1753 871 1783 abierant
902 1752 1010 1792 pulcri,
1041 1750 1093 1781 sed
1123 1761 1176 1791 per
1202 1755 1303 1781 totum

273 1812 391 1847 tergum
406 1806 616 1847 splendebant.
661 1805 738 1835 Mox
752 1815 832 1841 vero,
847 1807 929 1833 recta
945 1802 1104 1838 accedens,
1121 1802 1169 1832 sui
1186 1802 1303 1832 consti-

272 1858 309 1888 tit
340 1857 434 1888 animi
464 1856 659 1897 imperterriti
689 1855 933 1895 experimentum
964 1853 1039 1883 dans
1061 1853 1091 1882 in
1117 1854 1181 1883 foro
1204 1863 1301 1893 quum

272 1910 411 1949 frequens
427 1913 504 1938 esset
530 1909 627 1937 turba.
649 1925 693 1930 —-
716 1907 818 1946 Atque
841 1917 911 1936 eum
929 1905 1049 1946 quidem
1076 1914 1136 1935 non
1152 1914 1302 1944 agnosce-

272 1962 361 1996 bant3
387 1959 692 1990 animadvertentium
711 1962 814 1988 tamen
831 1957 938 1997 aliquis
961 1957 1037 1986 dixit
1053 1956 1113 1986 ita:
1138 1954 1301 1995 Numquid

271 2011 321 2041 hie
338 2015 383 2041 est
407 2011 540 2051 Apollo?
567 2020 664 2050 neque
689 2020 760 2039 sane
786 2012 1081 2038 aereo-curruutens
1107 2006 1232 2037 maritus
1254 2011 1300 2036 est

270 2062 406 2093 Veneris.
440 2062 476 2092 In
491 2062 582 2092 Naxo
598 2065 700 2092 autem
712 2061 791 2090 clara
801 2059 886 2089 aiunt
901 2058 1010 2089 obiisse
1024 2057 1206 2099 Iphimediae
1221 2057 1299 2087 filios

271 2113 379 2152 Otum,
397 2117 427 2143 ct
443 2117 484 2151 te,
500 2123 518 2142 ο
533 2112 631 2143 audax
650 2111 795 2153 Ephialta
818 2121 880 2140 rex.
925 2109 1029 2141 Etiam
1046 2109 1172 2150 Tityum
1189 2107 1299 2148 sagitta
