1439 2437
413 186 726 220 CARMENVI.
1063 183 1099 216 71

485 469 616 507 NEM.
648 469 708 506 Vl.

171 592 574 636 ALCIMIDAE
616 588 1015 633 AEGINETAE

259 729 405 757 INTER
446 727 631 756 PUEROS
661 724 946 754 LUCTATORI.

89 841 207 881 FNUM
230 847 373 887 idemque
401 845 564 875 hominum
590 844 778 884 deorumque
805 853 914 883 geum,
939 853 977 872 ex
998 852 1120 883 unaque
1134 853 1183 875 Str.
1204 855 1224 874 ι,

88 897 236 938 spiramus
266 901 363 926 matre
386 895 525 934 utrique:
550 893 665 923 dirimit
687 903 757 923 vero
785 894 977 932 (utrumque)
1002 903 1123 933 prorsus

90 949 206 980 diversa
218 947 273 984 vis,
290 948 331 977 ita
344 951 378 976 ut
394 945 467 975 illud
484 944 607 985 quidem
623 943 699 973 nihil
720 943 777 981 sit3
803 954 917 974 aereum
944 953 1013 973 vero
1038 944 1126 974 firma

91 1009 212 1038 semper
225 998 310 1028 sedes
328 1002 431 1028 manet
448 997 577 1026 coelum.
601 994 718 1025 Verum
735 994 836 1035 aliquo
848 995 940 1025 modo
951 995 1064 1025 similes
1074 1006 1127 1025 su-

94 1061 161 1081 mus
179 1054 281 1080 tamen
298 1053 364 1079 tum
378 1048 498 1078 excelsa
513 1050 617 1077 mente
641 1050 709 1076 tum
735 1056 859 1086 corpore
884 1046 1126 1077 immortalibus:

95 1100 217 1132 tametsi
234 1100 413 1138 nescientes,
430 1110 502 1129 cum
528 1108 581 1139 per
603 1101 737 1134 noctem,
763 1101 831 1127 tum
857 1096 991 1128 interdiu
1019 1108 1129 1138 quam-

97 1162 167 1182 nam
181 1162 237 1182 nos
252 1152 349 1181 fatum
359 1149 483 1192 jusserit
499 1159 616 1180 currere
633 1148 670 1179 ad
687 1152 813 1178 metam.
828 1167 872 1170 —
887 1148 1014 1179 Iudiciis
1027 1153 1130 1179 autem
1146 1155 1205 1178 Ant.
1220 1155 1259 1176 ιι.

98 1202 188 1233 certis
204 1202 372 1233 Alcimidas
398 1207 429 1232 et
446 1212 530 1231 nunc
546 1200 672 1230 exbibet
699 1199 915 1239 cognationem
939 1199 1134 1240 conspicien-

98 1254 169 1285 dam
200 1253 332 1284 similem
363 1252 516 1293 frugiferis
544 1252 632 1289 arvis,
663 1261 732 1292 quae
760 1251 942 1282 alternantia
972 1251 1137 1292 aliquando

100 1304 224 1345 quidem
241 1304 357 1335 victum
375 1304 554 1335 hominibus
576 1313 714 1333 annuum
731 1314 748 1333 e
765 1302 882 1344 campis
899 1303 979 1341 dare,
996 1303 1137 1344 aliquan-

102 1356 141 1387 do
165 1366 236 1386 vero
251 1366 353 1387 rursus
377 1356 566 1397 quiescentia
589 1354 722 1396 recipere
747 1355 858 1386 solent.
904 1355 1008 1387 Rediit
1034 1356 1139 1396 utique

104 1406 234 1437 Nemeae
250 1418 288 1437 ex
304 1407 485 1437 amabilibus
500 1405 720 1437 certaminibus
737 1417 812 1447 puer
830 1411 968 1446 certator,
982 1408 1046 1448 qui,
1062 1408 1142 1438 hanc

106 1462 285 1488 consectans
301 1457 536 1488 a-Jove-datam
550 1462 676 1495 sortem,
694 1468 777 1488 nunc
793 1459 934 1499 apparuit
951 1469 1012 1489 non
1026 1459 1143 1489 infaus-

107 1513 155 1539 tus
179 1509 263 1539 lucta
283 1514 408 1539 venator
432 1508 623 1549 ——vestigiis
649 1508 893 1540 Praxidamantis
918 1521 1008 1541 suum
1036 1510 1143 1551 pedem
1160 1515 1230 1547 Ερκ.)

108 1559 238 1600 infigens
252 1560 434 1600 avi-paterni
450 1559 817 1600 eodem-sanguine-orti.
851 1561 906 1592 Ille
919 1561 1015 1600 enim,
1034 1562 1146 1602 Olym—

111 1610 197 1651 picus
210 1610 316 1649 victor,
334 1611 365 1641 in
382 1610 582 1642 AEacidarum
598 1610 746 1641 honorem
772 1611 863 1641 ramis
879 1612 1014 1653 primum
1031 1614 1069 1644 ab
1091 1614 1147 1643 Al-

112 1661 203 1703 pheo,
220 1667 250 1692 et
263 1662 424 1702 quinquies
449 1663 480 1692 in
496 1662 615 1693 Isthmo
639 1667 815 1701 coronatus,
840 1663 970 1696 Nemeae
995 1676 1066 1695 vero
1094 1671 1149 1703 ter,

113 1713 240 1743 sustulit
255 1713 439 1743 oblivionem
459 1713 606 1752 Soclidae,
622 1713 674 1754 qui
691 1718 765 1744 natu
783 1715 936 1746 maximus
952 1716 1151 1757 Agesimachi

114 1764 246 1795 filiorum
264 1765 342 1804 fuit3
362 1783 402 1787 --
419 1765 493 1796 dum
508 1771 567 1796 tres
582 1765 636 1804 illi,
653 1765 706 1806 qui
719 1766 842 1806 quidem
853 1767 1020 1799 certamina
1036 1768 1150 1809 experti
1166 1780 1214 1802 Str.
1228 1780 1250 1800 2.

117 1816 247 1853 fuerant,
261 1817 593 1858 praemia-reportantes
606 1816 643 1847 ad
654 1817 811 1858 fastigium
822 1819 928 1858 gloriae
939 1824 1153 1860 pervenerunt.
1183 1813 1222 1834 ³⁸·

119 1866 177 1897 Per
201 1867 249 1897 dei
273 1873 376 1899 autem
402 1871 535 1899 favorem
561 1868 651 1899 aliam
676 1869 793 1900 nullam
822 1870 950 1901 domum
983 1871 1154 1912 insignem-

120 1917 193 1948 fecit
208 1918 363 1959 pugilatus
379 1921 512 1961 plurium
529 1921 758 1961 reportatricem
777 1932 959 1953 coronarum
981 1922 1012 1952 in
1035 1933 1157 1953 recessu

123 1968 254 2000 Graeciae
270 1970 431 2002 universae.
478 1971 574 2013 Spero
590 1982 640 2002 me
657 1983 770 2012 magna
780 1974 919 2003 locutum
928 1974 1156 2004 collimaturum

125 2019 163 2049 ad
186 2031 324 2061 scopum,
355 2021 398 2052 ita
428 2023 465 2052 ab
497 2033 570 2053 arcu
610 2021 829 2064 ejaculantem.
875 2023 973 2054 Recta
1007 2025 1044 2055 ad
1077 2026 1157 2055 hanc

129 2070 302 2109 (Alcimidae
333 2072 471 2113 domum)
520 2073 628 2115 dirige,
656 2073 761 2112 Musa,
812 2080 938 2105 ventum
988 2077 1158 2108 secundum

129 2121 298 2153 carminum
329 2123 559 2165 laude-gravem
588 2127 619 2155 ἐῢ.
662 2125 828 2156 Defunetis
866 2127 989 2167 quidem
1019 2127 1100 2166 viris,
1117 2148 1160 2152 -—

552 2210 564 2223 ⁸
579 2219 602 2235 v.
616 2211 696 2234 Notas.
