1439 2437
302 143 344 171 46
713 135 936 168 ΡῩΤΗΙΑ.

302 229 334 255 et
355 223 580 254 Laced-<elnone
603 221 753 262 Argisque
768 222 934 265 divinaque
961 222 993 253 in
1013 222 1088 264 Pylo
1111 223 1244 255 habitare
1268 224 1340 254 fecit

303 279 441 306 strenuos
457 274 601 305 Herculis
616 278 750 315 posteros
763 272 967 315 AEgimiique.
1011 275 1054 305 At
1070 285 1175 306 meum
1186 280 1246 314 est,
1257 285 1337 316 prae-

202 325 290 380 A'ss?
304 327 414 365 dicare,
432 326 513 367 quod
526 337 542 356 e
555 326 662 367 Sparta
676 326 768 364 venit,
785 326 915 357 amabile
928 326 1022 356 decus
1038 337 1045 356 ε
1063 345 1106 350 -
1120 327 1202 359 unde
1218 327 1338 358 oriundi

237 376 243 380 “
269 374 275 380 ’
305 383 452 408 venerunt
468 378 498 408 in
512 378 645 409 Theram
658 378 795 419 AEgidae,
806 377 867 408 mei
883 377 1021 419 majores,
1034 388 1095 408 non
1108 377 1173 408 sine
1191 377 1318 409 numine
1327 389 1338 416 3

304 431 357 460 sed
372 431 467 461 satum
485 430 637 472 quoddam
662 430 761 462 duxit.
806 429 882 460 Inde
905 433 1035 470 accepto
1060 430 1224 460 multarum
1249 428 1338 459 victi-

305 493 423 513 marum
439 483 539 523 epulo,
553 482 623 521 tuis,
639 494 658 513 o
675 483 798 523 Apollo,
815 480 955 519 carneis,
972 491 1058 512 sacro
1072 481 1261 511 celebramus
1278 479 1338 520 Cy-

306 544 399 565 renen
417 535 726 575 pulcre-exstructam
747 533 860 569 urbem,
879 543 969 573 quam
984 532 1137 563 incoluere
1155 533 1247 568 (tum)
1263 542 1340 562 aere-

305 585 413 615 armati
441 585 573 625 hospites
601 584 724 626 Trojani
740 584 950 615 Antenoridae.
996 583 1077 614 Cum
1106 582 1228 613 Helena
1257 583 1340 613 enirn

206 642 292 682 Epf).
302 641 461 672 venerunt,
478 637 648 666 fumantem
662 636 788 677 patriam
805 640 969 676 postquam
983 634 1123 665 viderant
1140 653 1182 658 —
1197 634 1230 664 in
1249 636 1339 665 bello.

225 677 280 697 ³¹⁸·
305 687 487 728 Equestrem
504 693 606 718 autem
619 693 743 728 gentem
758 688 864 727 (hanc)
880 687 1020 727 religiose
1032 686 1190 727 excipiunt
1205 686 1337 727 (colunt)

306 739 398 768 sacris
414 739 561 769 adeuntes
576 750 626 769 eos
642 744 672 769 et
695 751 823 770 munera
839 741 999 771 afferentes
1016 739 1137 776 incolae,
1154 749 1232 780 quos
1254 737 1339 768 Aris·

308 790 418 819 toteles
433 789 581 825 (Batthis)
617 790 753 828 adduxit,
773 791 900 820 navibus
933 789 1088 819 velocibus
1115 789 1205 820 maris
1220 790 1347 829 profun-

309 840 380 871 dam
409 840 488 870 viam
527 841 663 880 aperiens
678 853 684 871 ς
719 841 915 880 condiditque
944 840 1029 869 lucos
1060 838 1187 879 majores
1216 839 1342 869 deorum

310 892 473 932 stravitque
496 892 526 922 in
551 892 721 932 Apollineae
742 889 1071 922 salutaris-hominibus
1102 901 1224 931 pompae
1251 900 1343 920 usum

310 948 423 975 rectam
461 942 630 984 planitiem,
661 943 1005 983 equis-perstrepentem
1046 941 1207 980 Scyrotam
1240 940 1341 978 viam3

212 998 258 1018 Μ·-
273 998 297 1019 4.
313 995 365 1025 ubi
382 995 411 1024 in
431 999 566 1024 extrema
581 998 664 1034 parte
681 993 737 1023 fori
759 1002 893 1023 seorsum
905 990 988 1032 jacet
1005 995 1152 1020 mortuus.
1168 1009 1212 1014 --
1226 990 1343 1020 Beatus

278 1046 283 1051 '
312 1046 436 1088 quidem
452 1046 501 1075 ille
517 1045 596 1075 inter
610 1045 750 1075 homines
766 1044 934 1080 habitabat,
950 1041 1095 1082 herosque
1108 1046 1215 1082 postea
1227 1042 1344 1082 populo

312 1098 423 1128 cultus.
468 1096 610 1126 Seorsum
628 1106 698 1126 vero
714 1100 785 1125 ante
800 1094 907 1125 domos
930 1092 1032 1123 caeteri
1047 1102 1133 1133 reges
1154 1092 1230 1123 sacri
1246 1092 1343 1122 sortiti

312 1154 384 1179 sunt
397 1148 579 1189 sepulerum.
624 1147 774 1188 Magnam
792 1156 861 1176 vero
873 1145 1029 1181 virtutem,
1046 1154 1111 1174 rore
1125 1143 1208 1174 molli
1220 1143 1344 1184 adsper-

313 1212 377 1232 sam
403 1201 651 1242 hymnorumque
675 1198 852 1239 liquoribus,
875 1195 1002 1226 audiunt
1025 1194 1136 1225 alieubi
1169 1193 1344 1224 sub-terris-

312 1254 432 1284 vivente
456 1252 570 1290 animo,
594 1262 679 1281 suam
704 1250 893 1286 felicitatem,
917 1248 1041 1289 filioque
1063 1256 1230 1277 commune
1252 1245 1344 1276 decus

305 1304 448 1346 justeque
463 1303 599 1334 debitum
617 1302 771 1340 Arcesilae,
789 1311 882 1342 quem
898 1299 931 1330 in
947 1299 1039 1329 choro
1064 1297 1238 1328 canentium
1252 1295 1343 1338 juve-

205 1357 262 1379 ΛΜ·
274 1357 298 1378 4.
311 1367 384 1386 num
398 1355 484 1385 decet
497 1352 849 1393 aureo-ense-insignem
867 1351 1024 1382 Phoebum
1041 1349 1200 1386 celebrare,
1213 1366 1257 1370 —-
1271 1357 1344 1377 cum

229 1390 282 1412 ιη’
312 1407 420 1437 habeat
435 1417 473 1436 ex
487 1406 626 1446 Pythone
642 1404 803 1445 praemium
820 1402 975 1433 victoriale
991 1401 1210 1442 impensarum,
1221 1408 1345 1429 carmen

306 1457 495 1499 jucundum.
539 1456 647 1487 Virum
659 1457 745 1486 illum
756 1454 882 1485 laudant
895 1452 1069 1494 prudentes.
1107 1449 1345 1490 Vulgo-dictum

310 1509 390 1540 dico.
436 1507 681 1539 Praestantiorem
702 1510 792 1537 aetate
809 1509 945 1536 mentem
963 1503 1015 1533 alit
1025 1515 1034 1541 3
1051 1502 1218 1542 linguaque
1231 1499 1343 1531 animi-

311 1571 370 1601 que
383 1561 490 1590 virtute
506 1559 566 1589 alas
583 1557 757 1599 expandens
768 1557 845 1587 inter
857 1556 994 1585 volucres
1008 1553 1109 1595 aquila
1122 1557 1179 1591 est,
1190 1556 1220 1582 et
1235 1551 1266 1581 in
1278 1561 1344 1581 cer-

313 1612 478 1643 taminibus
495 1610 572 1641 muri
594 1610 687 1640 instar
708 1609 798 1639 robur
816 1606 884 1649 (ipsi
900 1610 945 1637 est
955 1608 979 1644 3)
1005 1605 1144 1645 interque
1159 1603 1268 1633 Musas
1283 1603 1346 1632 ales

314 1663 383 1693 inde
396 1674 413 1693 a
426 1666 521 1693 matre
538 1671 616 1699 cara,
634 1661 861 1699 celebratusque
877 1668 1019 1689 curruum
1036 1655 1166 1696 agitator
1181 1653 1286 1684 scitus.
1302 1672 1347 1676 —

215 1718 268 1756 ΓΡ..-
283 1719 299 1740 1··
314 1715 357 1745 Et
380 1718 527 1755 quotquot
552 1717 623 1743 sunt
648 1711 863 1751 indigenarum
885 1708 1012 1739 laudum
1029 1706 1099 1745 viae,
1116 1715 1275 1745 aggressus
1300 1708 1347 1734 est

228 1755 284 1774 ³³³⁴
315 1766 374 1803 ille,
394 1775 570 1805 numenque
585 1763 612 1793 ei
629 1766 658 1792 et
674 1772 759 1792 nune
771 1760 937 1802 propitium
955 1757 1073 1800 perficit
1089 1756 1244 1793 virtutem,
1260 1754 1347 1792 (facit.

314 1823 349 1849 ut
364 1821 550 1857 assequatur,
567 1814 647 1855 quod
671 1812 868 1853 aggreditur)
888 1816 918 1841 et
933 1820 1003 1840 vero
1019 1810 1050 1839 in
1067 1812 1234 1849 posterum,
1251 1817 1270 1836 0
1285 1805 1345 1835 Sa-

315 1869 405 1900 turnii
423 1868 475 1906 dii,
491 1867 576 1903 detis,
603 1872 635 1896 ut
660 1866 689 1895 in
707 1864 793 1894 factis
819 1861 1014 1902 consiliisque
1040 1860 1149 1889 habeat
1174 1858 1281 1896 (eam),
1307 1866 1346 1886 ne

313 1918 612 1950 fructibus-exitialis
640 1921 799 1947 ventorum
826 1914 970 1945 hibernus
998 1912 1085 1942 flatus
1108 1909 1205 1940 foedet
1233 1918 1346 1939 aevum.

314 1971 403 2002 Jovis
421 1970 524 2011 utique
540 1980 626 2000 mens
643 1977 755 2008 magna
770 1966 920 2007 gubernat
936 1964 1090 1993 fortunam
1113 1961 1242 1991 virorum
1263 1957 1346 1999 (ipsi)

316 2032 464 2052 carorum.
511 2021 619 2051 Precor
634 2030 704 2050 eum
722 2016 876 2059 Olympiae
891 2015 972 2045 hanc
991 2012 1133 2053 (similem
1149 2010 1221 2042 huic
1238 2007 1344 2050 Pythi-

316 2078 373 2108 cae)
389 2078 423 2104 ut
439 2074 573 2104 conferat
597 2071 750 2103 victoriam
768 2069 799 2101 in
818 2067 904 2099 Batti
916 2076 1024 2108 genus.
