1439 2437
201 353 248 377 Str.
256 355 278 377 3.

224 388 263 409 47.

183 569 240 591 Ant.
255 570 279 591 3.

224 602 263 624 55.

174 816 249 847 Epod.
259 818 282 839 3.

227 857 266 872 0.).

205 1619 250 1640 Str.
268 1621 288 1640 1.

294 161 334 189 88
676 156 933 188 ISTHMIA.

291 243 375 275 dami
390 243 445 274 filii
461 243 592 275 honores
608 243 740 274 assecuti
755 247 839 274 sunt.
884 242 1011 274 Etenim
1035 253 1098 274 non
1113 242 1219 283 ignara
1233 246 1331 272 vestra

291 299 338 325 est
353 295 464 326 domus
481 305 579 336 neque
596 294 786 333 chorearum,
803 305 822 324 o
843 293 1046 334 Thrasybule,
1067 294 1257 331 amabilium,
1274 304 1330 324 ne-

293 357 354 388 que
371 346 601 377 mellisonorum
618 350 778 376 cantuum.
788 345 953 386 -Neque
968 345 1050 376 enim
1063 346 1220 387 scopulus,
1231 354 1330 385 neque

293 397 385 428 ardua
397 398 446 428 via
461 402 518 436 est,
540 398 565 428 si
590 398 657 439 quis
682 396 847 428 illustrium
872 396 909 427 ad
933 397 1064 428 virorum
1090 397 1171 428 aedes
1201 395 1333 426 adducat

293 459 420 479 munera
447 449 702 480 Heliconiadum.
749 448 891 486 Utinam,
911 448 992 486 (etsi)
1020 449 1112 490 longe
1133 447 1333 490 jacto-disco,

287 498 405 541 jaculet
420 504 556 539 tantum,
572 505 723 542 quantum
741 500 843 531 indole
866 500 1058 531 Xenocrates
1081 500 1222 531 homines
1248 498 1333 530 suavi

293 551 456 593 superavit.
502 551 702 583 Verecundus
727 557 791 583 erat
819 551 898 582 inter
926 552 1006 582 cives
1028 562 1162 590 versans,
1177 571 1221 576 —
1236 561 1332 592 equo-

293 604 571 644 rumque-alturam
584 614 691 634 curans
705 602 853 633 universae
870 603 1004 634 Graeciae
1017 604 1096 642 ritu3
1114 607 1144 633 et
1153 602 1191 633 ad
1206 602 1332 633 deorum

295 655 400 695 epulas
416 654 734 685 studiose-accedebat
750 665 869 692 omnes,
887 666 988 696 neque
999 665 1137 696 unquam
1148 653 1333 693 hospitalem

295 706 428 747 procella
454 705 569 736 irruens
596 706 747 736 contraxit
764 706 866 736 velum
884 706 964 736 circa
980 716 1131 739 mensam,
1147 704 1199 734 sed
1216 703 1334 745 trajecit

298 757 374 796 (ille)
393 755 430 786 ad
448 755 563 786 Phasin
581 756 705 796 quidem
731 760 849 793 aestate,
866 755 967 786 hieme
979 759 997 776 ³*
1014 767 1084 787 vero
1108 756 1253 796 navigans
1269 753 1334 784 Nili

297 807 334 839 ad
350 807 428 847 ripas
447 807 492 846 (h.
509 807 634 847 patebat
650 816 740 847 quam
760 806 906 837 latissime
923 806 987 848 ejus
1003 807 1219 848 hospitalitas).
1230 805 1334 835 —Ne

298 869 394 896 nunc,
410 858 434 888 si
458 857 582 899 quidem
609 857 702 888 invidi
719 868 825 888 sensus
842 858 1017 889 mortalium
1048 863 1166 889 mentes
1182 856 1333 893 obsident,

297 920 396 950 neque
413 909 556 940 virtutem
574 908 660 939 sileat
679 908 913 950 (Thrasybulus)
939 914 1109 950 paternam,
1126 919 1226 950 neque
1243 908 1333 938 hosce

297 962 447 1003 hymnos3
471 960 717 1001 quandoquidem
734 970 807 998 non,
824 965 858 991 ut
870 961 966 991 otiose
982 962 1214 1002 quiescant‚eos
1229 959 1332 989 elabo-

297 1013 370 1044 ravi.
418 1012 509 1050 Haec,
526 1013 704 1054 Nicasippe,
722 1023 853 1053 expone,
871 1012 993 1053 quando
1008 1012 1046 1043 ad
1062 1011 1213 1054 hospitem
1230 1020 1334 1041 meum

297 1063 479 1094 familiarem
495 1062 622 1093 veneris.

674 1286 860 1323 ISTHM.
898 1287 963 1324 ΙΙΙ.

429 1384 772 1426 MELISSO
810 1385 1201 1432 ΤΗΕΒΑΝΟ,

682 1503 960 1536 QUADRIGIS.

307 1597 351 1636 Sl
374 1603 442 1644 quis
458 1602 635 1640 hominum,
653 1601 956 1633 felicitatem-nactus
969 1607 1022 1633 aut
1037 1613 1091 1644 per
1105 1601 1233 1633 illustria
1245 1606 1341 1632 certa-

305 1653 390 1684 mina
406 1656 458 1682 aut
473 1651 502 1681 vi
515 1650 704 1690 divitiarum,
729 1652 854 1682 cohibet
870 1651 974 1682 animo
987 1656 1096 1682 tetram
1124 1650 1316 1681 insolentiam
1330 1661 1339 1687 3

305 1704 417 1744 dignus
433 1703 457 1733 is
473 1707 519 1733 est
535 1702 690 1743 praeconia
711 1702 823 1734 civium
841 1703 978 1744 adipisci.
1022 1703 1052 1732 O
1068 1702 1201 1743 Jupiter,
1217 1712 1340 1741 magnae

306 1754 388 1785 enim
407 1754 529 1784 virtutes
545 1753 724 1784 mortalibus
748 1754 934 1795 contingunt
956 1753 1106 1784 beneficio
1129 1758 1194 1791 tuo,
1209 1753 1343 1793 vivitque

307 1805 479 1836 diuturnior
494 1804 622 1835 felicitas
637 1805 836 1835 reverentium
856 1808 911 1844 (te,
928 1804 1081 1846 piorun1)3
1105 1804 1250 1845 perversis
1272 1814 1343 1835 vero

191 1869 238 1889 ,lm
259 1869 295 1891 ιι.
310 1856 464 1887 mentibus
481 1866 541 1886 non
558 1866 646 1896 aeque
662 1859 809 1896 perpetuo
824 1857 933 1886 florens
949 1856 1043 1887 adest.
1065 1875 1109 1879 —
1130 1855 1251 1886 Inclitis
1274 1865 1344 1885 vero

308 1907 492 1938 facinoribus
509 1909 572 1945 (ut)
590 1916 645 1936 sua
666 1906 794 1947 praemia
808 1908 989 1947 (constent‚)
1006 1908 1049 1937 fas
1065 1911 1110 1937 est
1133 1906 1281 1937 celebrare
1296 1904 1343 1936 vi-

309 1970 374 1990 rum
392 1963 562 1995 strenuum,
579 1957 684 1997 fasque
700 1957 1003 1988 choreas-ducentem
1019 1957 1136 1988 blandis
1148 1956 1272 1997 hymnis
1287 1966 1342 1986 ex-

309 2011 422 2042 tollere.
468 2008 526 2040 Est
541 2018 611 2039 vero
634 2012 664 2038 et
679 2008 875 2048 geminorum
891 2009 1095 2041 certaminum
1112 2008 1241 2040 Melisso
1267 2019 1340 2046 sors,

702 2087 715 2099 ⁸
728 2087 758 2109 At
768 2096 790 2110 v.
804 2087 858 2111 Nor.
