1439 2437
426 141 657 175 CARMEN
694 141 766 172 VII.
1087 140 1125 176 7⁵

79 245 141 266 non
158 235 232 266 mihi
247 235 438 266 succensebit
458 234 510 266 illc
526 234 650 265 Ionium
667 234 747 264 ultra
764 243 844 264 mare
869 231 1020 262 habitans.
1058 229 1102 263 Et

79 286 210 317 amicitia
225 285 364 327 hospitali
381 287 473 317 frctus
497 296 565 316 sum
583 289 613 316 et
638 284 716 316 inter
732 283 893 325 populares
916 283 1001 312 vultu
1018 286 1104 311 tueor

78 348 192 376 sereno,
209 348 269 369 non
285 338 429 378 insolens,
446 338 581 368 violenta
595 337 702 368 omnia
717 345 887 367 removens.
911 334 1008 365 Modo
1032 343 1104 374 pos-

79 392 175 419 terum
192 390 297 420 laetum
322 389 462 420 adveniat
477 388 619 430 tempus!
644 388 706 421 Qui
723 392 827 418 autem
846 387 930 417 novit
947 388 1040 423 (mc),
1056 384 1103 415 di-

78 444 126 469 cat
141 449 179 470 an
195 441 336 471 accedam
353 440 388 471 ad
403 450 526 471 carmen
543 440 594 479 (ad
606 439 772 480 poeticen),
791 438 973 468 maledicum
989 446 1104 467 sermo-

78 500 149 520 nem
163 494 196 521 ut
210 492 369 532 proferam.
413 491 442 521 O
460 490 689 521 Euxenidarum
707 490 788 520 tribu
798 494 861 520 orte
875 489 1012 529 Sogenes
1025 487 1031 517 l
1053 485 1106 527 ju-

80 550 112 569 ro
130 541 188 576 (vel
204 546 394 573 sacramento
409 541 491 572 enim
503 542 667 581 contendo)
687 552 735 571 me
747 552 819 579 non,
829 541 996 571 terminum
1013 543 1111 569 trans-

80 601 228 631 gressum,
241 592 382 634 jaculum
396 597 540 634 tanquam
559 593 844 634 aere-cuspidatun1‚
859 593 989 623 vibrasse
1002 611 1044 615 ——
1063 601 1114 621 ce·
1129 590 1228 646 Aluan-3:²-

83 643 174 674 ierem
202 643 357 684 linguam3
389 644 441 684 qui
466 648 525 683 (tu)
553 644 685 674 eduxisti
701 655 718 674 e
734 644 955 675 luctationibus
974 647 1003 683 (e
1020 643 1114 680 lucta)

84 694 232 725 cervicem
258 700 288 725 et
313 696 403 726 robur
432 695 828 736 sudore·non-adspersum,
845 695 1003 725 ardentem
1020 694 1119 734 prius-

82 756 172 784 quam
191 746 221 776 in
237 747 330 777 solem
356 749 492 777 membra
517 747 684 777 inciderent
710 747 794 786 (solis
818 752 929 778 aestum
946 746 1120 781 sentirent).

83 796 117 826 Si
133 797 216 827 labor
243 800 373 837 (tamen)
393 798 461 834 fuit,
479 798 641 828 delectatio
666 797 762 839 major
777 798 923 828 succedit.
970 797 1044 828 Sine
1061 807 1121 834 me,

86 848 192 878 victori
206 848 237 878 in
254 848 347 879 decus
367 849 416 887 (ad
430 849 601 879 ornandum
617 850 775 884 victorem)
793 850 818 879 si
835 855 895 890 q'ua
913 850 974 878 alta
987 859 1060 878 voce
1073 848 1122 877 in·-

88 899 187 929 sonui.
234 899 307 929 Non
335 899 467 930 difficilis
491 910 558 930 suin
583 900 619 930 ad
644 900 876 940 persolvendum
904 900 1031 940 (laudes,
1054 911 1124 940 quae

88 949 238 980 debentur
265 949 334 980 viris
363 950 503 990 meritis).
547 950 680 981 Nectere
708 961 833 981 coronas
862 951 1027 989 (frondens)
1059 952 1125 982 leve

90 1004 146 1030 est.
191 999 356 1040 Exspecta.
403 1000 495 1031 Musa
511 1000 565 1031 tibi
582 1002 678 1032 nectit
691 1013 799 1033 aurum
813 1002 1038 1044 candidumque
1051 1005 1126 1035 ebur

88 1060 149 1080 una
177 1061 361 1091 suavemque
377 1052 480 1081 florem
507 1052 563 1081 sub
588 1052 707 1082 marino
733 1052 911 1094 decerptum
935 1065 1000 1085 rore
1027 1062 1125 1095 (cora-

89 1100 192 1136 lium).
215 1119 258 1123 -——
280 1101 317 1130 In
334 1101 420 1132 Jovis
438 1112 506 1132 vero
531 1102 724 1134 mentionem
740 1105 899 1146 prolapsus
912 1112 1034 1148 propter
1058 1107 1124 1138 Ne·
1140 1105 1227 1161 {Pl-84·

89 1158 201 1190 meam,
218 1152 367 1183 celebrem
380 1153 565 1194 hymnorum
579 1165 690 1185 sonum
706 1166 796 1186 move
815 1162 847 1196 (o
864 1157 980 1193 anime)
995 1158 1125 1198 placide.
1206 1155 1213 1162 ⁰

91 1202 209 1243 Regem
225 1203 307 1234 enim
324 1204 450 1236 deorum
467 1205 556 1236 decet
572 1206 680 1237 soloin
695 1206 790 1237 hoece
803 1207 962 1249 (Nemeae)
979 1211 1128 1241 celebrare

91 1254 194 1285 divina
218 1266 300 1286 voce.
346 1256 446 1287 Aiunt
473 1257 555 1288 enim
581 1259 1130 1304 ipsum(Jovem)a-matre-excepto

91 1305 207 1336 semine
222 1307 362 1347 genuisse
388 1308 534 1347 AEacum,
552 1329 593 1332 —
611 1321 691 1342 meae
723 1311 845 1352 (immo,
862 1315 985 1352 vestrae)
1002 1314 1128 1355 quidem
1143 1317 1231 1356 Str-„5-

94 1357 327 1397 gubernatorem
345 1359 469 1390 illustris
482 1360 600 1401 patriae,
611 1366 772 1404 tuumque,
785 1374 803 1393 0
820 1363 983 1403 Hercules,
996 1365 1131 1396 benevo-
1162 1351 1217 1374 ¹²³¹

101 1409 164 1438 lum
178 1408 328 1450 hospitem
346 1410 541 1452 fratremque.
564 1412 598 1443 Si
609 1424 679 1444 vero
688 1415 852 1446 utilitatem
865 1415 946 1457 capit
955 1427 993 1446 ex
1006 1416 1132 1448 homine

98 1459 211 1489 homo:
247 1461 320 1502 quid
348 1462 486 1494 dicamus
510 1464 659 1504 vicinum,
688 1466 791 1497 animo
815 1467 935 1498 intento
963 1474 1134 1508 amantem,

103 1521 168 1541 esse
185 1512 307 1544 vicino?
333 1514 459 1545 felicitas
476 1515 545 1547 baec
561 1518 705 1548 omnibus
723 1519 922 1559 praeferenda.
968 1520 1002 1551 Si
1019 1532 1088 1552 vero
1105 1522 1136 1553 id

99 1561 199 1602 ipsum
217 1563 306 1594 etiam
324 1564 399 1596 deus
415 1572 549 1606 praestat,
563 1572 667 1599 tecum
686 1569 793 1610 utique
811 1570 925 1609 (intua
937 1571 1064 1612 vicinia)
1082 1573 1136 1605 de-

101 1613 162 1651 bet,
179 1625 198 1643 o
215 1614 368 1655 Gigantes
381 1617 434 1657 qui
450 1618 608 1658 domuisti,
624 1621 733 1651 faustis
756 1622 898 1663 auspiciis
922 1623 1056 1656 habitare
1080 1625 1137 1656 So-

98 1675 203 1704 genes,
221 1666 305 1707 pium
340 1678 411 1708 erga
428 1674 544 1710 patrem
567 1671 674 1701 fovens
702 1672 855 1711 animum,
887 1674 1037 1716 majorum
1068 1677 1136 1708 vico

97 1717 258 1756 opulentO,
275 1720 424 1757 praeclaro
440 1731 448 1749 ε
462 1739 505 1742 -
522 1721 616 1760 Nam,
633 1723 822 1765 quadrijugis
840 1726 922 1757 velut
945 1738 1089 1759 curruum
1103 1729 1134 1760 in
1150 1719 1203 1749 Affl-
1218 1727 1242 1750 ⁵·

92 1765 189 1807 jugis,
213 1768 291 1799 inter
312 1768 437 1800 delubra
459 1770 586 1802 domurn
612 1773 702 1804 habet
724 1779 789 1814 tua,
823 1778 934 1808 utravis
965 1780 1134 1820 procedens
1165 1760 1222 1782 ¹3⁷⁰

98 1828 201 1850 manu.
246 1819 292 1850 Te
307 1831 376 1851 vero
391 1821 491 1861 decet,
507 1833 526 1852 0
544 1823 656 1864 Heros,
673 1825 833 1858 Junonem
852 1829 1059 1871 maritumque
1077 1843 1132 1863 ex-

98 1878 180 1900 orare
204 1869 404 1913 Puellamque
427 1874 569 1913 caesiam3
593 1881 694 1917 potest
718 1883 823 1910 autem
847 1880 916 1911 dare
952 1884 1133 1916 mortalibus

99 1921 265 1953 remedium
279 1923 492 1956 difficultatum
504 1926 760 1960 inextricabilium
776 1931 917 1963 subinde.
935 1933 1063 1966 Utinam
1076 1936 1134 1967 ita-

102 1981 161 2011 que
176 1974 314 2006 stabilem
329 1975 486 2017 juventuti
504 1979 646 2020 laetaeque
670 1983 823 2013 senectuti
850 1984 1045 2018 intertextam
1063 1989 1134 2020 vitae

102 2021 277 2056 felicitatem
305 2026 378 2068 ipsis
406 2029 498 2069 (patri
514 2035 544 2060 et
569 2031 647 2069 filio)
666 2034 827 2074 concedas,
856 2035 1053 2080 filiorumque
1078 2040 1136 2072 filii

106 2077 231 2106 teneant
262 2087 380 2119 semper
393 2098 433 2103 --
451 2080 608 2122 honorem,
638 2095 700 2125 quo
718 2096 801 2117 nunc
839 2087 993 2128 fruuntur,
1011 2095 1042 2121 et
1058 2101 1140 2132 prae-
1156 2095 1264 2152 Εξζξ-ὅ-
