1439 2437
179 340 224 362 Sur.
237 340 259 362 5.

191 374 244 396 177.

165 746 221 767 Ant.
235 746 257 767 5.

188 780 241 801 192¹.

173 1166 218 1194 Ep.
236 1165 258 1187 5.

186 1200 242 1221 207.

173 2078 220 2100 Str.
239 2080 258 2099 Ι,

275 201 314 228 54
700 197 919 230 PYTHIA.

272 283 349 315 libet
373 284 561 314 carissimum
582 284 639 314 sibi
661 285 804 316 maritum
829 284 958 324 virgines
975 288 1026 314 aut
1042 284 1138 315 filium
1156 284 1301 325 optabant

274 340 316 375 te,
330 346 349 366 o
364 335 572 374 Telesicratcs,
596 336 676 374 (sibi)
701 347 785 375 esse3
815 356 858 360 —
883 337 915 367 in
939 336 1109 377 Olympicis
1132 345 1252 377 quoque
1270 338 1301 365 et

273 386 575 427 profunde-sinuosae
590 387 693 417 Terrae
710 387 926 418 certaminibus
942 386 1034 428 inque
1049 386 1192 417 omnibus
1207 385 1304 416 etiam

273 437 448 468 domesticis
478 439 640 479 (Libycis).
685 437 852 469 Enimvero
877 442 960 476 sunt,
981 438 1032 479 qui
1055 449 1072 468 a
1096 449 1156 477 me,
1174 438 1227 479 qui
1251 436 1302 467 siti

272 489 442 520 carminum
460 490 592 528 medeor,
609 489 733 529 exigant
748 501 862 521 munus
878 489 1047 520 carminum
1071 489 1181 527 denuo,
1198 494 1234 519 ut
1246 498 1301 518 ex-

272 541 364 571 citem
392 542 549 582 antiquam
578 542 670 572 etiam
695 541 844 582 majorum
869 552 994 572 suorum
1018 540 1166 581 gloriam:
1198 540 1302 580 quales

272 591 419 631 Libycam
436 593 474 623 ob
488 593 633 623 feminam
647 593 776 634 profecti
792 597 863 623 sunt
876 592 989 623 Irasam
1006 592 1043 622 ad
1064 593 1169 622 urbem
1185 590 1303 627 Antaei,

273 641 311 672 ad
325 643 549 683 pulericomam
565 643 649 684 proci
664 643 888 674 celeberrimam
910 644 1062 684 puellam;
1086 653 1177 683 quam
1195 641 1301 672 admo-

274 692 347 723 dum
364 693 452 723 multi
477 694 639 734 optimates
654 694 786 725 virorum
808 695 980 725 ambierunt
1001 693 1136 734 cognati,
1152 692 1303 732 multique

273 744 498 785 peregrinorum
508 756 517 782 ;
553 755 622 774 uam
651 745 834 776 admirabilis
863 746 959 776 forma
973 764 1016 769 ——
1039 748 1121 775 eratz
1155 753 1303 783 auroque-

272 800 424 826 coronatae
435 796 601 836 pubertatis
614 796 748 826 fructum
763 797 972 826 florescentem
984 796 1141 837 decerpere
1152 795 1303 826 volebant.

272 846 363 877 Pater
386 850 488 877 autem
515 846 585 877 filiae
611 857 717 887 parans
749 846 895 877 illustrius
923 846 1112 888 conjugium,
1138 846 1302 882 audiverat,

270 897 399 927 Danaus
421 897 574 937 quondam
599 897 690 937 Argis
714 897 816 937 quales
833 901 942 927 nactus
959 902 1036 927 esset
1051 897 1252 938 quadraginta
1273 901 1304 926 et

271 953 341 979 octo
358 948 534 988 virginibus,
545 952 708 988 antequam
720 948 837 978 medius
848 948 911 978 dies
924 948 1085 987 illuxisset,
1098 947 1303 978 velocissimus

272 999 404 1040 nuptias.
449 999 559 1029 Statim
584 999 667 1029 euim
689 1000 887 1030 collocaverat
902 1000 1077 1031 universum
1104 1000 1300 1040 (puellarum)

271 1050 398 1080 chorum
415 1050 452 1079 ad
470 1055 565 1080 metas
582 1050 767 1088 certaminis,
785 1050 1060 1091 certaminibusque
1076 1050 1188 1091 pedum
1199 1049 1302 1090 jusse-

272 1106 317 1132 rat
333 1101 493 1132 decernere
511 1101 626 1139 heroes,
651 1112 743 1142 quam
767 1102 924 1132 habiturus
947 1105 1025 1132 esset
1040 1101 1168 1143 quisque
1184 1112 1302 1137 eorum,

274 1157 424 1192 quotquot
439 1152 541 1192 generi
564 1153 658 1183 futuri
675 1152 711 1182 ad
727 1162 776 1182 eas
792 1157 988 1184 accesserant.
1012 1171 1055 1177 —-
1078 1152 1224 1183 Similiter
1244 1153 1303 1193 igi-

275 1210 325 1235 tur
340 1203 433 1243 Libys
445 1202 580 1244 jungens
596 1202 687 1233 dabat
711 1203 780 1233 filiae
804 1214 960 1244 sponsum.
1006 1204 1055 1234 Ad
1070 1204 1181 1234 lineam
1205 1203 1303 1244 ipsam

273 1260 411 1286 ornatam
437 1265 504 1284 cam
530 1255 699 1292 constituit,
722 1255 790 1285 finis
804 1260 839 1285 ut
855 1260 932 1285 esset
952 1255 1114 1295 (laborum)
1139 1259 1302 1285 extremus.

270 1306 420 1346 Dixitque
437 1305 467 1335 in
486 1305 597 1343 medio,
614 1306 815 1336 abducturum
841 1316 919 1344 eam,
934 1306 984 1346 qui
1006 1306 1121 1347 primus
1144 1305 1303 1346 prosiliens

271 1357 337 1398 ejus
353 1356 501 1397 attigisset
517 1356 658 1386 amictus.
682 1356 764 1387 Tum
788 1357 999 1395 Alexidamus,
1015 1361 1177 1397 postquam
1195 1368 1301 1387 emen-

272 1419 323 1439 sus
333 1412 377 1437 est
388 1407 525 1447 rapidum
538 1417 672 1445 cursum,
683 1407 832 1448 virginem
847 1407 1059 1445 venerandam,
1071 1418 1163 1437 manu
1175 1418 1302 1438 manum

272 1458 337 1499 ejus
354 1458 597 1498 apprehendens,
613 1458 701 1488 duxit
715 1458 901 1498 equestrium
913 1457 1091 1488 Nomadum
1104 1469 1159 1498 per
1169 1469 1280 1499 agmen
1292 1470 1301 1496 ;

273 1511 456 1550 multa(quc)
477 1509 507 1539 iu
524 1509 624 1550 ipsum
641 1509 684 1542 illi
701 1508 900 1550 projiciebant
925 1509 1010 1539 flores
1025 1512 1055 1539 et
1071 1513 1166 1541 serta:
1192 1511 1303 1542 multas

272 1559 414 1601 vcrojam
432 1564 521 1590 antea
537 1561 597 1590 alas
613 1565 771 1601 acceperat
787 1560 989 1591 victoriarum.

670 1761 828 1798 PYTH.
858 1761 906 1798 Χ.

368 1852 639 1893 H1PPOC
656 1852 795 1893 LEAE
827 1852 965 1894 THE
984 1854 1108 1894 SSA
1124 1853 1216 1899 LO,

578 1963 746 1993 DIAULr
779 1963 998 1993 CURsom.

278 2047 404 2095 Fmrx,
422 2069 439 2087 o
456 2058 658 2088 Lacedaemon
675 2058 680 2088 !
706 2069 725 2088 o
740 2058 828 2088 beata
848 2058 1023 2090 Thessalia!
1048 2059 1085 2090 In
1102 2063 1227 2100 utroque
1245 2070 1305 2089 uno

277 2123 314 2141 ex
330 2115 412 2151 patre
423 2110 633 2140 Aristomacho
647 2109 788 2141 Herculis
804 2110 963 2151 progenies
973 2110 1112 2152 imperat.
1143 2110 1246 2144 Quid?
1266 2121 1305 2141 au
