1474 2397
264 166 282 189 ὼ
649 165 909 197 OLYMPIA.

660 335 858 370 OLYMP.
887 335 934 370 11.

325 437 673 479 THERONI
705 438 1264 488 AGRIGENTINO,

708 560 887 590 CURRU.

174 665 223 686 su.
239 665 262 686 1.
275 648 468 688 CrTflARAM
491 657 631 693 regentes
660 654 780 695 hymni,
807 664 899 695 quem
933 655 1037 695 deum,
1068 668 1161 698 quem
1201 657 1302 696 heroa,

275 714 405 746 quemve
421 703 517 734 virum
535 704 749 734 cantabimus?
775 703 855 734 Sane
874 705 1076 743 (conveniunt
1090 717 1150 736 uno
1167 707 1197 737 in
1210 717 1302 747 argu-

275 756 393 795 mento)
413 754 482 786 Pisa
496 754 620 796 quidem
636 755 709 786 Jovi
733 765 827 793 sacra,
856 756 1118 798 Olympicumque
1149 763 1302 789 certamen

276 806 410 838 instituit
428 806 587 842 Hercules,
619 806 766 846 primitias
783 807 995 838 manubiarum
1013 809 1105 847 belli3
1129 809 1303 841 Theronem

278 862 381 889 autem
396 857 556 898 quadrigas
580 858 619 887 ob
636 857 774 888 victrices
805 857 953 888 celebrare
975 857 1063 899 juvat
1091 860 1306 902 voce-‚justum

278 908 443 949 hospitem,
467 909 611 939 columen
635 907 810 948 Agrigenti,
825 908 1032 949 clarorumque
1056 915 1177 951 patrum
1204 911 1308 949 decus,

161 973 220 996 Aut.
230 972 267 995 15.
280 955 411 988 civitatis
425 957 565 988 tutelam.
587 975 631 981 —
652 956 717 989 Qui
736 957 859 996 (patres)
888 967 983 997 quum
1008 958 1184 990 tolerassent
1211 960 1309 990 multa

280 1007 425 1045 animose,
442 1017 558 1038 sacram
574 1007 658 1038 fluvii
684 1013 807 1037 tenuere
835 1007 951 1045 sedem,
975 1007 1151 1050 Siciliaeque
1181 1011 1308 1041 fuerunt

280 1059 402 1089 lumen:
427 1063 493 1089 tum
509 1058 571 1088 vita
587 1069 638 1089 eos
653 1057 773 1098 excepit
788 1057 861 1087 felix
882 1068 955 1099 opes
971 1058 1163 1101 gratiamque
1173 1061 1310 1092 adferens

282 1110 359 1140 veris
375 1109 551 1140 virtutibus.
592 1109 664 1148 Sed,
681 1120 699 1140 o
711 1108 853 1138 Saturnie
868 1112 936 1139 nate
953 1109 1050 1147 Rhea,
1066 1110 1168 1141 sedem
1185 1110 1312 1152 Olympi

283 1160 465 1200 gubernans,
482 1160 745 1200 certaminumque
760 1159 890 1199 apicem,
904 1160 1084 1200 alveumque
1099 1161 1224 1202 Alphei,
1241 1162 1307 1203 pla-

285 1214 372 1242 catus
380 1211 525 1250 carmine,
540 1222 647 1252 agrum
664 1211 797 1252 patrium
813 1221 897 1241 serva
911 1210 1062 1252 propitius
1078 1223 1165 1252 porro
1178 1212 1315 1254 ipsorum

194 1273 242 1302 Γμ
247 1271 270 1295 d
284 1281 328 1287 —
341 1267 462 1305 postero
477 1263 591 1304 generi.
613 1263 693 1296 Quae
708 1263 789 1293 facta
801 1262 924 1303 quidem
941 1268 1023 1299 sunt,
1041 1274 1093 1294 seu
1104 1263 1187 1305 juste
1199 1275 1252 1295 seu
1268 1264 1317 1295 in-

245 1306 374 1355 juste,
385 1314 492 1345 horum
505 1314 622 1344 irritum
634 1324 671 1343 ne
681 1317 802 1354 tempus
819 1312 942 1353 quidem
956 1313 1095 1345 omnium
1109 1326 1216 1356 parens
1226 1314 1320 1357 possit

286 1366 405 1396 efficere
429 1370 592 1403 eventu1n3
624 1365 655 1395 in
689 1364 874 1395 oblivionem
900 1369 1013 1403 tamen,
1040 1366 1205 1397 secundam
1241 1365 1321 1397 inter

288 1418 453 1454 fortunam,
485 1416 586 1447 venire
610 1427 644 1446 ca
682 1420 819 1457 possunt.
866 1415 1021 1457 Prosperae
1050 1417 1132 1449 enim
1164 1417 1320 1448 felicitatis

189 1474 237 1496 Str
253 1474 277 1495 9.
292 1479 349 1499 usu
365 1468 481 1498 malum
507 1467 651 1499 infestum
667 1472 842 1508 superatum
867 1467 1112 1507 obliteratur‚—-
1136 1469 1260 1510 quando
1274 1468 1322 1500 dei

219 1506 261 1528 ‘³⁷
294 1529 411 1550 numen
429 1517 522 1548 mittit
538 1518 658 1549 eminus
680 1517 860 1548 beatitatem
876 1519 1038 1550 excelsam.
1084 1519 1235 1560 Congruit
1251 1530 1320 1550 sen-

295 1568 389 1599 tentia
405 1567 435 1598 in
449 1568 694 1608 pulchrithronas
706 1567 813 1598 Cadmi
830 1568 916 1606 filias,
927 1579 995 1609 quae
1006 1574 1078 1600 sunt
1092 1581 1203 1611 magna
1216 1570 1321 1610 (mala)

294 1624 447 1660 expertam
472 1619 524 1649 sed
540 1619 677 1649 concidit
691 1618 790 1659 gravis
807 1619 906 1649 luctus
923 1619 1036 1660 majore
1053 1620 1152 1651 victus
1168 1620 1325 1651 felicitate.

295 1669 378 1700 vivit
393 1669 471 1700 inter
488 1669 607 1700 coelites
624 1669 787 1700 interemta
802 1669 925 1708 quidem
942 1670 1057 1711 fragore
1078 1671 1215 1702 fulminis
1232 1670 1324 1702 crini-

296 1723 351 1751 bus
375 1720 498 1762 prolixis
520 1724 625 1751 ornata
647 1720 787 1757 Semele3
811 1730 931 1760 semper
946 1722 1067 1752 adamat
1090 1734 1157 1753 eam
1183 1722 1281 1752 Pallas
1296 1726 1327 1752 et

182 1784 239 1806 Ant.
258 1785 280 1805 ε),
295 1772 418 1813 Jupiter
434 1772 533 1810 Pater,
550 1776 690 1812 amatque
708 1771 804 1801 Filius
826 1771 991 1812 hederiger.
1014 1793 1057 1797 —
1072 1774 1171 1805 Aiunt
1186 1773 1278 1803 etiam
1295 1772 1327 1803 in

228 1817 267 1839 ⁵¹·
297 1823 369 1854 mari
393 1823 472 1853 inter
487 1822 580 1853 Nerei
597 1822 673 1853 filias
687 1821 817 1852 marinas
836 1821 926 1852 vitam
945 1834 998 1863 per
1013 1835 1105 1855 omne
1122 1829 1244 1865 tempus
1268 1824 1327 1853 im-

298 1874 456 1905 mortalem
488 1873 555 1904 [noi
585 1872 792 1903 constitutam.
838 1871 919 1903 Sane
935 1876 1113 1906 mortalibus
1143 1885 1203 1905 non
1221 1873 1328 1914 cogni-

298 1929 364 1955 tum
382 1929 437 1962 est,
454 1935 528 1954 num
546 1924 637 1954 vitam
652 1933 745 1963 usque
761 1922 798 1952 ad
816 1927 955 1962 mortem,
970 1935 1007 1955 ne
1020 1926 1100 1956 diem
1115 1925 1238 1967 quidem
1253 1935 1328 1955 num

299 1986 407 2013 unum,
426 1975 520 2005 filium
538 1974 619 2012 solis,
644 1973 838 2014 tranquillum
863 1974 964 2005 stabili
990 1987 1061 2007 cum
1086 1978 1209 2007 fortuna
1232 1975 1330 2006 acturi

301 2027 406 2057 simus.
452 2025 683 2056 Vicissitudines
699 2025 779 2054 enim
793 2024 974 2064 gaudiorum
992 2032 1022 2057 ct
1038 2037 1242 2058 aerumnarum
1259 2025 1331 2055 alias

170 2085 288 2142 Εροᾱᾶ.
266 2085 279 2107 2
284 2078 368 2110 ,aliae
385 2078 421 2109 ad
436 2078 576 2110 homines
600 2076 741 2108 accedere
757 2077 865 2107 solent.
888 2096 932 2100 —
954 2078 1057 2119 Atque
1085 2079 1128 2111 sic
1147 2078 1249 2116 Parca,
1262 2087 1330 2118 quae

221 2121 234 2141 ⁶
