1439 2437
473 204 704 237 CARMEN
730 204 784 235 VI.
1112 210 1141 236 11

114 292 220 323 dolens
238 291 364 332 (animo)
383 291 506 331 reliquit
530 291 629 328 humi,
646 291 708 321 duo
723 302 793 321 vero
810 290 891 321 caesii
908 290 1054 321 dracones
1072 291 1146 322 deo-

115 352 184 373 rum
200 343 354 373 voluntate
368 352 470 373 curam
488 340 553 382 ejus
569 342 715 373 babentes
731 352 802 372 eum
815 341 1006 372 nutriverunt
1021 342 1147 372 innoxio

115 394 220 433 (almo)
246 404 339 424 succo
361 404 465 434 apum.
512 392 579 423 Rex
603 397 704 423 autem
728 397 889 434 postquam
915 397 1034 433 petrosa
1058 403 1148 423 curru

115 448 219 474 vectus
235 444 322 474 rediit
336 455 373 474 ex
391 443 541 484 Pythone,
558 454 665 474 omnes
678 444 762 474 domi
776 444 1027 484 interrogabatde
1044 454 1149 485 puero,

116 505 209 536 quem
240 495 368 526 Evadne
393 495 568 536 peperisset.
614 494 735 525 Phoebo
765 495 848 525 enim
880 495 979 535 ipsum
1010 496 1149 525 narrabat

117 547 256 587 genitum
280 556 344 576 esse
368 565 410 568 —
427 551 528 586 patrc3
553 546 753 586 futurumque
777 547 855 575 inter
880 545 1020 575 homines
1045 550 1146 575 vatem
1159 555 1248 576 Aura.

116 598 256 629 omnium
274 598 446 628 mortalium
464 596 760 638 praestantissimum,
776 607 874 637 neque
887 607 1023 637 unquam
1034 596 1147 626 caritu-
1190 588 1230 610 ⁸4·

116 660 184 680 rum
197 650 351 691 progenie.
397 650 449 680 Sic
464 650 568 690 utiquc
585 649 755 679 nuntiabat.
800 649 851 679 llli
867 652 968 679 autem
987 659 1044 679 nec
1061 647 1149 678 audi-

118 701 195 732 visse
208 712 262 732 nec
276 702 383 731 vidisse
397 713 427 731 se
441 702 654 731 adseverabant
668 701 830 739 infantem,
844 700 900 731 etsi
918 700 1026 740 quinto
1039 699 1151 730 abhinc

117 752 167 783 die
183 757 308 790 natum3
333 754 487 783 enimvero
505 753 616 783 latebat
633 753 683 782 ille
699 752 729 782 in
742 751 842 793 junco
858 752 1028 792 rubetoque
1044 751 1150 790 denso,

119 814 242 845 corpore
271 809 374 834 tenero
401 804 547 834 violarum
576 802 659 833 flavis
686 808 715 833 ct
739 803 899 844 purpureis
930 802 1027 841 (roris)
1061 802 1151 832 radiis

118 855 300 885 madefacto.
345 854 507 896 Propterea
523 855 615 885 ctiam
635 859 730 884 mater
754 853 846 895 jussit
863 853 961 883 vocari
977 863 1049 883 eum
1067 852 1152 883 omni

118 912 253 947 tempore
269 925 312 929 ——
327 906 386 936 hoc
403 906 528 935 nomine
547 905 726 935 immortali.
775 904 885 935 Suavis
902 914 971 934 vero
986 908 1152 944 postquam
1165 911 1248 947 1¹:133.

118 968 190 988 auro
206 962 357 988 coronatae
387 958 526 998 (pulcrae)
546 956 663 998 aceepit
685 956 853 997 pubertatis
875 956 1024 994 fructum,
1040 956 1072 986 in
1098 956 1154 986 Al-
1196 945 1235 966 ⁹³⁸

118 1009 232 1050 pheum
245 1009 378 1039 medium
390 1009 541 1049 ingressus
558 1008 712 1038 invocavit
723 1012 814 1038 noctu
828 1009 885 1038 sub
899 1007 950 1037 dio
970 1007 1154 1048 Neptunum

118 1060 177 1090 late
201 1065 358 1100 potentem
382 1070 472 1089 suum
497 1070 600 1097 avum,
616 1065 647 1089 ct
662 1059 884 1089 arcitenentem
909 1058 982 1088 Deli
1006 1058 1156 1089 divinitus

119 1110 254 1141 fundatae
271 1110 441 1148 custodem,
454 1115 561 1151 petens
576 1110 633 1140 sibi
646 1110 805 1151 publicum
822 1110 977 1151 quendam
994 1109 1156 1140 honorem.

122 1161 294 1202 Respondit
311 1167 412 1192 autem
431 1162 559 1193 veridica
573 1167 697 1203 paterna
707 1173 777 1202 vox,
789 1163 1048 1204 compellavitque
1064 1173 1133 1192 eum
1147 1173 1155 1192 ε

121 1214 188 1253 Age
205 1213 259 1252 fili,
276 1214 335 1244 huc
352 1224 476 1254 sequere
489 1224 606 1252 vocem,
622 1219 656 1245 ut
672 1214 703 1245 in
720 1214 877 1255 regionem
900 1213 1047 1245 omnibus
1070 1224 1157 1244 com-

123 1275 249 1295 munem
269 1265 427 1305 (futuram)
447 1266 616 1296 veniamus.
641 1285 685 1288 —
706 1266 811 1307 Atque
827 1266 872 1296 sic
890 1270 1039 1296 venerunt
1054 1266 1107 1296 alti
1121 1265 1158 1296 ad
1169 1275 1215 1297 Str.
1234 1277 1256 1297 4.

124 1320 239 1356 petram
257 1316 408 1346 excelsam
421 1315 536 1354 Cronii,
552 1316 604 1346 ubi
620 1316 648 1347 ei
665 1316 795 1357 praebuit
809 1316 986 1347 thesaurum
997 1316 1158 1357 geminum
1188 1309 1242 1330 ¹⁰⁹·

123 1365 339 1397 divinationis:
364 1370 438 1396 tunc
454 1367 579 1407 quidem
602 1378 708 1398 vocem
725 1367 828 1398 audire
851 1368 1083 1399 mendaciorum
1104 1378 1159 1398 ne-

123 1417 237 1455 sciam;
261 1417 382 1458 quando
398 1428 467 1448 vero
482 1418 580 1448 audax
595 1419 934 1459 Hercules,augustu1u
949 1419 1161 1450 Aleaeidarum

125 1478 262 1508 germen,
278 1468 405 1506 venerit,
424 1469 574 1510 patrisque
591 1470 704 1500 festum
721 1470 864 1510 frequens
889 1469 1079 1508 hominibus,
1096 1481 1161 1501 cer-

125 1519 337 1560 taminumque
352 1531 532 1561 magnorum
549 1521 719 1558 sollemnia,
737 1521 774 1551 ad
786 1520 873 1552 Jovis
888 1531 970 1551 aram
982 1521 1161 1552 altissimam

126 1571 300 1608 instituerit,
316 1576 383 1602 tum
400 1582 469 1602 vero
494 1572 709 1603 vaticiniorum
734 1573 882 1603 sacellum
907 1572 1039 1603 condere
1058 1572 1162 1614 jussit.

124 1642 168 1646 --
180 1621 228 1652 Ex
245 1632 305 1662 quo
316 1627 452 1663 tempore
462 1622 603 1654 inclitum
615 1623 693 1653 inter
703 1623 832 1654 Graecos
849 1622 1042 1654 Jamidarum
1053 1635 1164 1665 genus·
1175 1633 1231 1655 Ant.
1243 1634 1267 1655 4,

126 1673 226 1704 Simul
257 1674 390 1704 fortunae
415 1684 488 1714 opes
519 1674 579 1715 (iis)
607 1675 814 1715 contigerunt.
860 1673 998 1705 Colendo
1023 1686 1092 1706 vero
1117 1687 1163 1714 ea,
1193 1666 1245 1689 ¹²⁰·

125 1736 196 1766 quae
220 1723 322 1754 laudes
345 1725 459 1762 serunt,
487 1725 655 1766 conspicua
676 1726 724 1756 via
746 1725 904 1757 incedunt.
949 1725 1063 1756 Probat
1085 1737 1162 1767 opus

129 1786 293 1818 quemque.
338 1776 532 1806 Obtrectatio
547 1781 649 1807 autem
667 1777 795 1808 aliorum
812 1777 982 1808 invidorum
1007 1777 1166 1818 impendet

127 1827 175 1863 iis,
192 1824 303 1866 quibus
319 1824 482 1865 aliquando
504 1826 605 1866 primo
623 1827 689 1857 loco
705 1826 868 1857 duodecies
884 1826 915 1856 in
939 1826 1038 1868 spatio
1054 1827 1166 1858 decur-

126 1876 262 1908 rentibus
284 1876 455 1906 veneranda
480 1876 614 1907 adstillat
639 1877 746 1908 Gratia
760 1877 929 1918 gloriosum
950 1879 1086 1909 vultum.
1131 1879 1166 1908 Si

128 1933 229 1958 autem
256 1938 323 1957 vere
353 1928 408 1964 tui,
435 1938 453 1958 ο
481 1928 607 1968 Agesia,
631 1928 760 1959 materni
784 1927 915 1970 majores
943 1930 1000 1959 sub
1025 1929 1167 1970 Cyllenes

130 1984 234 2010 monte
258 1999 302 2003 —
328 1978 500 2009 habitantes
526 1979 718 2011 Mercurium
743 1980 872 2011 deorum
899 1991 1090 2022 praeconem,
1114 1980 1223 2026 quiEp3
1240 1989 1266 2010 -ι,

130 2031 295 2062 certamina
325 2036 499 2073 sortemque
526 2033 725 2073 praemiorum
751 2034 912 2072 gubernat,
943 2032 1167 2074 Arcadiamque
1196 2023 1252 2043 ¹³¹⁶

130 2082 237 2112 incolis
253 2082 405 2122 insignem
422 2087 516 2121 amat,
535 2085 667 2114 multum
684 2083 789 2114 multis
806 2083 997 2124 supplicibus
1012 2083 1169 2115 sacrificiis

131 2132 269 2173 religiose
286 2133 465 2165 coluerunt:
489 2134 539 2165 ille
555 2139 613 2173 est,
629 2135 762 2176 quicum
781 2135 967 2177 gravistrepo
978 2140 1061 2177 patre
1072 2139 1171 2173 tuam,
