1439 2437
508 216 740 249 CARMEN
766 215 824 246 lx.
1131 211 1165 243 17

132 312 195 338 tem
212 306 304 337 filiam
333 305 461 336 Famam
490 304 540 335 ubi
558 302 685 334 audierit
701 301 824 343 Iphion,
839 298 960 331 nuntiet
977 294 1167 328 Callimacho

132 356 325 398 splendidum
341 356 436 387 decus
451 354 620 396 Olympiae,
637 354 717 394 quod
735 353 869 394 ipsorum
889 348 1020 391 praebuit
1042 345 1168 387 Jupiter

130 407 268 438 familiae.
291 408 380 438 Bona
395 412 495 438 autem
509 406 596 437 bonis
613 406 731 436 utinam
747 404 848 440 addat,
864 407 1031 440 acutosque
1042 398 1165 429 morbos

130 459 301 500 propulset!
340 459 436 500 opto,
453 460 583 490 fortunae
600 456 744 488 secundae
771 454 919 486 Nemesin
950 453 1092 483 infestam
1127 458 1165 478 ne

130 509 220 540 addat
230 521 239 547 3
263 509 315 540 sed
333 510 483 541 malorum
499 516 656 551 expertem
673 507 810 538 adserens
828 505 933 543 vitain,
950 504 1093 545 ipsosque
1109 510 1164 531 cu-

131 564 228 594 mulet
243 568 273 594 et
289 565 407 596 urbem.

489 754 787 793 OLYMP.1X.

194 848 700 891 EPHARMOSTO
738 847 1091 896 OPUNTIO‚

504 958 789 988 LUCTATORI.

127 1063 349 1105 Aacmmcm
374 1071 495 1112 quidem
522 1070 655 1111 hymnus
683 1080 823 1109 canorus,
848 1070 1016 1102 Callinicus
1041 1071 1162 1112 triplex,
1175 1068 1261 1092 5³¹·

125 1128 305 1157 decantatus
330 1122 452 1153 suffecit
477 1121 633 1162 Olympiae
661 1121 841 1152 Saturnium
868 1123 948 1163 apud
976 1123 1098 1161 collem,
1124 1122 1161 1153 ad

125 1175 325 1220 praeeundum
352 1171 797 1214 sollemni·pompa-incedenti
821 1172 1030 1214 Epharmosto
1053 1174 1162 1204 amicis

125 1239 197 1260 cum
225 1225 324 1257 sociis.
377 1224 492 1256 Verum
523 1233 606 1253 nune
646 1223 805 1263 (quoquel,
836 1223 1159 1265 longe-jaculantium

124 1280 286 1311 Musarum
302 1277 339 1307 ab
356 1286 438 1314 arcu,
462 1275 546 1306 hisce
569 1274 688 1314 sagittis
712 1272 885 1316 Jovemquc
901 1276 1158 1306 rutila-fulmina·

119 1330 324 1373 jaculantem,
335 1326 602 1366 venerandumque
616 1331 686 1366 pete
696 1327 938 1366 promontorium
954 1327 1063 1366 Elidis,
1077 1326 1159 1368 quod

124 1382 197 1412 olim
215 1379 319 1420 Lydus
335 1378 422 1409 heros
446 1377 556 1418 Pelops
572 1376 703 1417 accepit,
721 1378 936 1418 pulcerrimum
954 1379 1057 1409 dotem
1077 1378 1160 1419 Hip-

124 1428 285 1472 podamiae.
307 1446 352 1451 —
373 1427 495 1457 Alatam
520 1431 622 1456 autem
647 1425 918 1467 mittejucundam
936 1428 967 1458 in
985 1427 1158 1468 Pythonem
1174 1432 1231 1455 Aut.
1245 1433 1286 1456 17.

123 1481 275 1523 sagittam.
322 1479 526 1520 Nequaquam
558 1478 663 1508 inanes
690 1479 793 1509 laudes
824 1479 957 1520 attinges
984 1479 1038 1510 viri
1068 1490 1160 1520 super

121 1533 215 1564 luctis
235 1531 380 1562 citharam
407 1541 535 1561 movens
559 1530 637 1560 clara
659 1541 697 1560 ex
713 1530 851 1571 Opunte,
869 1531 995 1561 laudans
1016 1531 1113 1572 ipsam
1128 1535 1159 1560 et

122 1584 222 1614 filium
243 1582 383 1622 (civem),
400 1591 492 1622 quam
509 1580 638 1610 Themis
664 1580 786 1621 filiaque
808 1581 874 1623 ejus
899 1581 1053 1613 Servatrix
1074 1586 1158 1612 tenet

123 1635 253 1675 gloriosa
277 1633 442 1664 Eunomia.
489 1631 591 1662 Floret
611 1637 715 1663 autem
745 1633 954 1674 (certantium)
983 1633 1159 1672 virtutibus,

123 1686 265 1717 Castaliae
282 1684 393 1726 pariter
415 1689 505 1725 atque
522 1683 559 1714 ad
582 1684 694 1725 Alphei
710 1686 843 1716 flumen:
871 1686 952 1717 unde
969 1697 1091 1717 coronae
1108 1686 1158 1717 in-

122 1738 225 1769 clitam
265 1737 437 1767 Locrorum
468 1735 621 1766 extollunt
651 1741 779 1767 matrem
811 1738 981 1778 pulcrarum
1014 1738 1156 1768 arborum

121 1790 263 1820 feracem.
285 1807 329 1811 —
351 1787 422 1828 Ego
445 1792 548 1817 autem
566 1797 665 1818 caram
691 1789 796 1818 urbem
818 1789 905 1819 claris
921 1789 1075 1819 illustrans
1091 1799 1155 1819 cur·
1173 1797 1217 1829 Ep.
1234 1798 1275 1820 33.

121 1840 267 1878 minibus,
284 1844 313 1869 et
329 1837 420 1869 feroci
442 1848 521 1878 equo
544 1837 635 1868 citius
657 1843 687 1868 et
711 1850 786 1869 nave
809 1840 887 1870 alata
908 1851 1156 1882 quoquoversum

124 1891 266 1922 nuntium
285 1890 406 1921 mittam
423 1890 526 1920 hunc:
551 1889 575 1919 si
592 1890 683 1920 modo
698 1890 801 1921 divina
815 1891 946 1932 quadam
964 1902 1022 1933 ope
1037 1891 1159 1933 adjutus

120 1941 266 1972 eximium
278 1942 451 1973 Gratiarum
464 1941 653 1982 (Musarum)
670 1943 737 1973 colo
746 1942 882 1973 hortum.
908 1943 972 1973 lllae
983 1942 1066 1973 enim
1080 1953 1161 1984 prae-

122 1993 190 2023 bere
218 1994 317 2024 solent
335 1993 484 2034 jucunda.
528 1992 610 2023 Boni
634 1999 738 2024 autem
762 1999 794 2024 et
809 1994 961 2035 sapientes
978 1994 1031 2024 viri
1055 1993 1160 2024 divino

123 2053 248 2074 munere
263 2063 306 2067 -—
321 2044 386 2075 fieri
408 2045 517 2075 solent.
562 2043 818 2086 Quandoquidem
842 2045 997 2086 quomodo
1022 2045 1159 2076 tridenti·
1174 2051 1253 2090 stu-59.

123 2093 276 2125 adversam
309 2095 463 2126 Hercules
494 2096 610 2126 clavum
643 2096 788 2126 vibrasset
820 2096 973 2134 manibus,
997 2107 1096 2137 quun]
1122 2096 1160 2127 ad
1209 2090 1212 2092 v

123 2144 234 2185 Pylum
251 2151 331 2178 stans
347 2148 535 2178 obniteretur
544 2147 570 2177 ei
582 2147 771 2188 Neptunus?
793 2149 1049 2189 obnitebaturque
1060 2148 1159 2179 eidem

210 2207 280 2228 voL.
307 2208 341 2228 ιι.
627 2209 649 2229 D
