1474 2397
531 172 760 206 CARMEN
786 173 809 203 1.
1171 172 1185 195 3

155 271 230 303 dixit
244 283 250 301 ε
275 271 426 301 Amabilia
440 270 520 300 dona
532 268 670 306 Veneris,
687 279 752 308 age,
770 267 792 297 si
807 266 890 307 quid,
908 265 1065 305 Neptune,
1082 262 1187 303 gratiae

155 322 234 364 apud
250 328 279 352 te
294 322 416 358 habent,
433 321 541 351 cohibe
564 321 681 350 hastam
707 318 856 349 OEnomai
879 326 1004 353 zaream,
1022 325 1133 354 meque
1156 313 1186 342 in

153 372 349 403 velocissimis
358 372 456 403 deduc
465 371 600 402 curribus
611 370 648 400 ad
666 369 798 406 Elidem,
814 368 1010 407 victoriaeque
1026 367 1075 395 fac
1101 374 1188 395 com-

156 429 258 466 potem
274 436 283 462 5
309 434 379 454 nam
397 422 541 454 tredecim
555 421 621 463 jam
639 418 1008 452 amatoribusintercmtis
1018 416 1117 447 differt
1129 426 1188 445 nun

154 475 231 517 ptias
248 494 282 497 —
299 474 382 505 flliae.
438 474 590 514 Magnum
605 472 729 514 quidem
741 470 909 502 discrimen
922 468 1078 500 imbellem
1091 466 1186 497 virum
1205 471 1282 516 epus.

155 538 215 557 non
231 527 329 567 capit3
355 526 432 556 mori
458 529 562 556 autem
588 524 700 565 quibus
721 522 820 554 fatalis
846 522 1009 552 necessitas
1035 527 1091 558 est,
1117 518 1187 559 quid
1203 506 1229 527 δ’
1241 507 1293 527 ’θ’

154 588 259 619 quaeso
274 577 382 618 aliquis
399 575 532 617 ignobile
548 575 680 613 senium,
694 575 725 605 in
743 574 877 604 tenebris
893 573 1013 611 sedens,
1027 575 1191 602 consumat

154 630 273 667 frustra,
294 628 433 659 omnium
451 627 574 658 laudum
592 627 719 668 expers?
746 625 842 666 Atqui
853 635 911 665 ego
921 624 1043 665 quidem
1055 623 1113 653 hoc
1126 632 1191 652 ccr—

154 687 256 710 tamen
273 679 400 711 subibo:
426 684 458 709 tu
477 690 546 709 vero
562 683 705 709 eventum
723 681 864 718 optatum
882 675 965 706 dato.
1011 675 1064 705 Sic
1090 673 1190 705 dixit:

155 742 255 772 neque
270 731 358 762 irritis
368 740 528 771 aggressus
543 735 588 760 est
605 740 675 760 eum
693 727 843 769 precibus.
889 726 930 757 Ei
946 725 1121 767 gratificans
1137 725 1189 755 de-

156 782 200 813 dit
209 782 284 812 deus
294 792 413 812 currum
427 791 553 812 aureum
567 781 722 821 alatosque
745 779 911 809 indefessos
921 788 1026 818 equos.
1048 796 1092 800 —
1107 776 1189 808 Tum
1207 789 1254 808 :str⁴
1267 789 1291 810 ιι.

159 835 274 874 (cursu)
294 833 366 864 vicit
383 833 579 863 OEnomaum
596 832 719 868 fortem,
736 829 948 870 virginemque
964 828 1054 859 duxit
1081 827 1190 869 conju·
1211 822 1264 842 ¹⁴²²

154 895 238 926 gem,
254 884 422 925 genuitque
438 883 532 914 duces
549 893 612 919 sex,
624 882 782 912 Virtutum
794 881 947 916 alumnos,
959 879 1049 910 filios.
1096 879 1190 910 Nunc

154 935 268 966 inferiis
289 935 454 976 splendidis
470 934 645 971 honoratur,
659 932 697 963 ad
712 931 824 973 Alphei
841 932 960 962 alveum
978 931 1128 972 sepultus,
1145 935 1191 961 tu-

156 988 275 1018 mulum
293 986 428 1027 undique
445 990 601 1026 patentem
619 988 739 1022 nactus,
757 983 1070 1024 frequentatissimam
1086 982 1190 1024 hospi-

156 1039 240 1070 tibus
255 1037 336 1078 apud
345 1048 439 1068 aram.
485 1037 581 1067 Fama
597 1047 667 1066 vero
679 1035 801 1077 Pelopis
817 1034 937 1065 eminus
953 1035 1061 1074 fulget,
1079 1034 1191 1074 Olym-

158 1090 298 1132 picorum
316 1090 520 1121 certaminum
537 1088 567 1118 in
586 1087 734 1125 cursibus,
752 1088 803 1118 ubi
814 1086 958 1117 velocitas
972 1085 1086 1127 pedum
1098 1091 1192 1117 certat

157 1142 302 1183 vigorque
318 1142 433 1172 roboris
449 1151 600 1173 aerumnas
610 1139 801 1181 perferentis,
813 1140 971 1180 victorque
981 1138 1127 1180 reliquam
1140 1152 1193 1182 per

159 1192 252 1222 vitam
269 1192 391 1223 dulcem
408 1197 492 1223 tenet
517 1191 694 1222 felicitatem
716 1210 754 1214 —
770 1191 902 1222 victoriae
916 1191 1050 1232 praemiis
1064 1191 1120 1221 sibi
1133 1202 1189 1232 pa-
1205 1202 1263 1226 Ant.
1279 1204 1298 1225 ι,

155 1247 264 1273 ratam.
308 1242 388 1276 Quae
405 1248 506 1274 autem
530 1247 707 1273 constanter
723 1247 880 1283 permanet
903 1241 1046 1281 felicitas,
1071 1237 1261 1276 summa¹⁵⁹·

156 1294 283 1324 habetur
292 1294 369 1324 nulli
386 1305 446 1324 non
466 1294 597 1324 mortali.
643 1293 699 1323 Me
715 1297 816 1323 autem
835 1303 977 1323 coronare
988 1293 1081 1324 istum
1099 1295 1193 1336 [Hie-

155 1345 274 1386 ronem]
304 1345 411 1383 modis,
427 1345 540 1386 quibus
563 1345 688 1375 victoria
698 1345 845 1386 equestris
859 1349 993 1383 ornatur,
1007 1345 1116 1377 aeolico
1127 1359 1192 1380 car-

157 1395 250 1434 mine,
266 1400 396 1436 oportet.
443 1395 612 1427 Persuadeo
628 1395 704 1426 mihi
720 1397 816 1433 enim,
834 1407 883 1426 me
900 1396 1052 1437 hospitem
1072 1399 1192 1430 nullum

155 1451 186 1477 et
201 1447 396 1478 honestarum
414 1457 512 1478 rerum
527 1447 700 1487 peritiorem
719 1447 812 1478 alium
828 1452 858 1478 et
884 1449 1022 1488 potentia
1045 1455 1193 1489 praestan-

154 1498 274 1536 tiorem,
292 1509 329 1529 ex
347 1499 454 1529 nostris
471 1498 594 1539 quidem
613 1498 803 1537 hominibus,
831 1498 944 1529 inclitis
973 1505 1192 1533 exornaturum

157 1560 221 1580 esse
238 1550 426 1590 hymnorum
443 1549 585 1590 strophis.
630 1549 718 1580 Deus
737 1549 856 1590 adjutor
872 1551 932 1580 tuis
949 1551 1096 1592 prospicit
1121 1563 1192 1584 cum

155 1600 371 1638 sollicitudine,
388 1611 406 1630 ο
425 1600 531 1638 Hiero,
548 1600 655 1632 studiis
680 1601 832 1641 (laudum,
851 1601 1083 1642 certaminum).
1130 1604 1194 1635 Hic

154 1650 214 1681 nisi
231 1650 293 1682 cito
303 1656 332 1680 te
348 1650 505 1689 destituet,
515 1651 615 1682 adhuc
625 1652 792 1683 suaviorem
807 1663 894 1693 spero
907 1672 948 1676 —
963 1665 1033 1685 cum
1050 1656 1196 1697 quadriga
1210 1655 1287 1694 Epod3

155 1702 245 1733 celeri
270 1702 441 1743 [victoriam
467 1703 566 1743 tuam]
588 1713 636 1733 me
662 1704 888 1734 celebraturum
905 1715 980 1743 esse,
997 1710 1068 1746 apto
1085 1706 1195 1737 carmi·
1210 1690 1297 1711 4³⁷⁰*

157 1753 204 1784 nis
235 1758 420 1794 argumento
449 1758 578 1794 reperto,
609 1754 689 1795 apud
720 1754 858 1796 apricum
891 1756 1001 1787 collem
1035 1756 1194 1789 Cronium.

158 1804 240 1835 Mihi
258 1805 359 1845 itaque
376 1804 471 1835 Musa
488 1805 707 1837 validissimum
725 1808 830 1838 robore
846 1808 943 1838 telum
960 1813 1068 1839 servat.
1117 1809 1195 1840 Aliis

155 1856 246 1886 rebus
262 1856 312 1886 alii
332 1856 497 1894 excellunt,
514 1867 698 1899 summaque
724 1858 851 1890 felicitas
876 1859 1037 1900 fastigatur
1060 1860 1194 1901 regibuS.

158 1906 234 1938 Noli
250 1914 387 1949 spectare
404 1908 540 1939 ulterius.
587 1909 716 1940 Utinam
739 1915 768 1941 et
792 1916 826 1942 tu
849 1911 917 1941 talis
941 1911 972 1942 in
996 1913 1120 1944 sublimi
1143 1913 1195 1944 diu

159 1957 278 1989 incedas
290 1970 298 1997 ;
323 1964 354 1990 et
370 1971 427 2001 ego
443 1959 521 1990 inter
530 1965 632 1991 tantos
657 1961 786 1993 victores
811 1973 919 2001 verser,
937 1963 1121 2005 conspicuus
1143 1976 1194 1995 ca-

162 2010 251 2041 nendi
267 2015 329 2042 arte
345 2010 424 2042 inter
439 2011 566 2042 Graecos
584 2012 704 2053 ubique.
