1439 2437
461 120 696 153 CARMEN
722 121 779 152 IX.
1081 125 1122 158 79

86 209 169 240 meni
191 217 259 239 vero
273 207 311 238 ad
326 206 416 248 ripas,
430 206 516 238 dulci
531 206 630 239 reditu
650 207 796 247 inhibito,
811 207 996 239 albicantem
1012 217 1121 250 corpo-

84 261 168 291 ribus
197 259 460 301 pinguefecerunt
479 260 616 290 sumum.
662 259 790 300 Septem
826 258 909 289 enim
939 258 1122 290 devorarunt

83 322 164 353 pyrae
176 311 303 353 juvenes
318 310 414 348 viros;
437 309 626 351 Amphiarao
650 315 753 341 autem
776 309 886 341 diffidit
908 310 1038 341 fulmine
1054 309 1120 340 vio-

83 364 164 394 lento
179 363 303 404 Jupiter
318 363 412 393 latam
437 367 559 401 terram,
576 362 799 403 absconditque
823 372 896 392 eum
922 372 995 393 cum
1019 360 1118 402 equiS,

83 407 226 445 -basta
243 414 449 454 Periclymeni
465 418 629 454 antequam
646 417 731 454 tergo
747 423 911 454 percussus
927 413 998 444 forti
1014 412 1118 444 animo
1134 417 1211 442 Duod.
1224 421 1246 442 σ.

81 466 259 507 pudefieret.
305 467 390 497 Nam
414 465 446 497 in
469 464 780 496 divinitus-immissis
805 464 966 495 terroribus
992 464 1118 505 fugiunt
1150 453 1189 474 ⁶¹·

80 517 171 548 etiam
196 518 250 548 filii
276 517 415 548 deorum.
460 516 495 546 Si
520 515 584 546 fieri
608 520 718 557 potest,
735 526 753 545 o
777 515 929 552 Saturnie,
947 515 1118 560 animosam

80 567 158 599 banc
173 567 659 600 Phoenicia-classe-advectarum
674 567 827 598 hastarum
845 567 882 598 de
898 571 995 598 morte
1011 570 1041 597 et
1057 567 1119 597 vita

80 619 307 652 dimicationem
326 620 616 662 precibus-amoveo
625 629 717 660 quam
728 618 924 659 longissimc3
941 618 1118 649 felicitatem

77 681 146 702 vero
161 672 292 713 legibus·
281 671 462 713 -sapienter-
449 670 681 708 -constitutam‚
695 680 771 710 rogo
785 674 826 708 te,
844 669 914 700 filiis
927 670 980 700 diu
996 668 1118 700 AEtnae-

78 734 166 754 orum
193 724 338 764 praebeas,
354 741 397 745 -
419 733 437 753 o
460 721 583 763 Jupiter
609 725 703 762 pater,
727 720 949 762 decoribusque
975 720 1116 751 civilibus
1134 722 1211 746 Dnoi.

78 774 238 805 admoveas
254 773 404 815 populum
429 773 474 814 (h.
489 783 524 803 ea
539 773 567 803 ei
583 771 766 813 impertias).
811 771 894 802 Sunt
910 771 1015 812 utique
1031 772 1063 802 in
1080 782 1116 802 eo
1149 765 1185 777 'i'

78 835 225 866 equorum
242 825 380 863 studiosi,
395 823 568 864 divitiisque
584 823 704 853 animos
724 823 870 853 habentes
886 822 1054 863 superiores
1070 822 1115 852 vi-

77 876 112 907 ri.
157 875 340 906 Incredibile
355 875 429 906 dixi.
475 873 666 905 verecundia
687 873 769 904 enim
789 873 1001 911 (honestarum
1017 883 1117 904 rerum

76 927 226 962 studium)
251 928 378 957 latenter
401 926 477 957 lucri
500 926 669 967 cupiditate
698 925 832 956 vincitur
856 926 1063 966 (plerumque,
1084 925 1116 955 in

77 979 139 1019 iis),
156 990 226 1020 quae
241 978 367 1019 gloriam
384 979 524 1009 afferunt.
570 977 717 1008 Chromio
733 982 835 1007 autem
862 977 888 1008 si
915 977 1047 1017 armiger
1063 976 1116 1006 ad—

78 1030 204 1061 stitisses
220 1030 251 1060 in
267 1030 453 1072 pedestribus
466 1030 589 1071 pugnis,
607 1040 818 1071 equorumque
835 1029 1020 1070 naviumque
1037 1039 1117 1069 prae-

77 1082 141 1113 liis:
171 1082 364 1123 cognovisses
387 1082 419 1113 in
443 1082 617 1112 discrimine
645 1086 746 1112 acutae
774 1092 900 1122 pugnae,
917 1100 960 1103 -
977 1079 1060 1121 quod
1086 1080 1116 1110 in
1131 1076 1240 1132 D8⁰3⁰¹¹·⁸·

76 1135 157 1165 bello
173 1134 224 1164 illa
234 1133 290 1164 dea
304 1133 520 1172 (verecundia)
536 1133 684 1164 incitabat
693 1132 719 1174 ej
726 1144 759 1163 us
770 1133 909 1163 animum
923 1132 1118 1170 bellicosum,

77 1190 112 1216 ut
127 1185 315 1226 propulsaret
330 1185 458 1215 exitium
475 1185 595 1216 Martis.
642 1184 736 1215 Pauci
754 1194 833 1222 vero,
863 1183 900 1214 ad
928 1183 1020 1214 caedis
1037 1194 1117 1224 prae-

76 1236 169 1267 sentis
183 1237 299 1267 nubem
317 1236 458 1267 manibus
474 1236 640 1278 animoque
655 1237 687 1267 in
704 1236 840 1266 hostium
857 1233 977 1266 ordines
993 1245 1119 1265 conver-

76 1288 212 1327 tendam,
227 1287 360 1318 consiliis
372 1288 483 1318 valent.
528 1287 655 1319 Dicitur
664 1299 736 1319 sane
748 1286 878 1318 Hectori
888 1286 1011 1328 quidem
1022 1286 1117 1317 decus

78 1338 213 1370 floruisse
230 1339 409 1369 Scamandri
422 1340 541 1370 fluenta
550 1351 664 1381 prope3
687 1338 941 1381 alte-praecipites
951 1349 1021 1368 vero
1037 1338 1116 1369 circa

76 1391 156 1432 ripas
167 1391 287 1429 Helori,
299 1409 340 1414 —-
353 1401 414 1431 quo
424 1391 492 1422 loco
503 1392 592 1422 Areae
607 1391 785 1433 Trajectum
796 1391 937 1421 homines
947 1391 1113 1432 appellant,
1129 1384 1205 1440 ῥέζω·
1221 1388 1242 1409 9’

73 1442 171 1482 fulget
187 1442 250 1472 filio
266 1442 323 1472 hoc
340 1442 519 1482 Agesidami
534 1443 641 1473 lumen
657 1442 689 1473 in
706 1446 798 1474 aetate
814 1442 925 1483 prima.
971 1442 1042 1472 Alia
1058 1453 1114 1473 au—
1181 1435 1186 1440 ⁴

75 1497 138 1524 tem
154 1492 212 1523 alio
237 1497 384 1534 tempore,
402 1493 500 1524 multa
522 1492 647 1534 quidem
665 1494 696 1524 in
714 1494 928 1534 pulverulenta
951 1497 1039 1531 terra,
1057 1493 1113 1524 alia

74 1554 145 1574 vero
161 1543 260 1574 vicino
278 1544 353 1574 mari
371 1545 495 1585 (gesta),
512 1545 770 1575 commemorabo.
816 1544 867 1575 Ex
879 1545 1035 1575 laboribus
1060 1556 1113 1576 au-

75 1598 151 1633 tem,
167 1595 220 1635 qui
236 1594 441 1636 injuventute
458 1596 593 1637 suseepti
608 1595 722 1627 suerint
737 1607 870 1637 cumque
881 1595 1013 1637 justitia,
1031 1596 1111 1628 exis-

73 1645 111 1676 tit
126 1646 279 1676 senectuti
297 1646 356 1676 vita
371 1646 502 1687 placida.
547 1646 645 1685 Sciat,
656 1648 796 1678 sortitum
813 1658 844 1678 se
858 1658 875 1677 a
889 1646 946 1677 diis
957 1647 1110 1678 admiran-

71 1696 142 1728 dam
159 1697 348 1730 felicitatem.
371 1717 413 1721 ———
436 1698 470 1729 Si
491 1698 574 1729 enim
592 1710 665 1730 cum
688 1700 797 1740 opibus
814 1699 919 1730 multis
943 1699 1109 1740 gloriosum

72 1753 180 1780 nactus
195 1749 284 1780 fuerit
310 1749 442 1791 (aliquis)
461 1750 567 1789 decus,
584 1761 646 1781 non
669 1751 741 1781 licet
758 1751 884 1782 ulterius
903 1751 1023 1781 mortali
1041 1762 1108 1782 am-

68 1800 152 1841 plius
166 1801 322 1843 fastigium
340 1802 423 1832 aliud
439 1802 588 1842 attingere
603 1802 743 1844 pedibus.
789 1802 987 1833 Hilaritatem
1004 1807 1106 1833 autem

72 1856 153 1882 amat
168 1853 352 1892 convivium,
369 1857 565 1894 recenterque
588 1854 697 1885 florens
720 1857 850 1894 augetur
866 1852 1024 1891 (illustrior
1039 1853 1107 1884 red-

72 1901 164 1942 ditur)
182 1903 307 1935 victoria
323 1904 407 1936 molli
423 1908 528 1935 cantu.
573 1905 685 1936 Audax
700 1915 770 1935 vero
786 1904 868 1945 apud
885 1908 1031 1935 craterem
1047 1916 1107 1935 vox

73 1957 129 1984 est.
173 1954 305 1986 Misceat
318 1955 428 1998 aliquis
443 1967 526 1995 eum,
542 1955 666 1987 dulcem
682 1955 788 1996 hymni
808 1960 920 1993 vatem,
936 1974 978 1977 —
998 1967 1104 1996 argen-
1122 1954 1199 1978 Dss0d-
1217 1960 1250 1980 11·

73 2003 188 2046 teisque
202 2006 361 2038 distribuat
373 2007 480 2048 phialis
490 2012 649 2049 potentem
659 2007 729 2038 vitis
743 2006 854 2044 filium,
863 2017 936 2047 quas
949 2007 1105 2048 quondam
1133 1990 1162 2011 ¹
1169 1991 1187 2012 ¹

74 2055 229 2097 quadrigae
247 2063 345 2099 partas
361 2058 508 2091 Chromio
524 2059 674 2092 miserunt
682 2059 870 2091 bene-textis
886 2069 957 2089 cum
969 2058 1107 2090 Latoidae

1126 1690 1208 1714 Dnod.
1220 1695 1260 1716 m.

1143 1724 1195 1746 1⁹9.
