1439 2437
510 175 816 208 CARMENIV.
1134 175 1174 208 87

131 266 216 297 licosi
233 265 352 298 nautis:
377 263 504 302 Audite,
522 262 575 293 filii
592 263 717 294 fortium
741 261 873 292 virorum
889 260 1100 301 deorumque:
1125 257 1174 289 aio

130 317 225 355 enim,
239 327 277 348 ex
291 316 347 346 hac
364 315 519 355 marivaga
541 314 708 356 aliquando
731 318 809 344 terra
823 313 947 355 Epaphi
972 312 1066 343 filiam
1084 312 1172 353 plan-

132 372 260 398 taturam
277 378 343 398 esse
358 366 480 398 urbium
491 366 616 407 stirpem
633 365 810 397 mortalibus
826 375 939 403 earam,
949 364 1036 396 Jovis
1046 364 1077 394 in
1092 364 1171 396 Am-

132 419 232 450 monis
254 419 388 450 sedibus.
412 437 457 441 —
478 417 711 460 Delphinesque
735 417 864 448 breviter
878 417 973 448 alatos
997 416 1170 458 (pinnatos)
1187 425 1231 457 Ep.
1245 426 1285 449 σεε).

131 471 217 512 equis
239 474 450 512 permutantes
475 471 641 508 velocibus,
666 471 801 501 habenas
825 480 880 511 pro
903 468 994 500 remis
1014 475 1044 499 et
1068 477 1173 498 currus

132 523 346 564 gubernabunt
355 522 584 564 procellipedes.
629 522 712 554 Illud
724 522 888 563 augurium
907 519 1027 551 eveniet
1040 519 1175 558 (exitum

132 574 284 612 habebit),
301 579 337 604 ut
353 584 534 614 magnarum
558 574 683 605 urbium
701 573 879 615 metropolis
894 572 997 603 Thera
1013 572 1077 610 fiat,
1093 571 1175 613 quod

131 626 207 657 olim
223 625 392 656 Tritonidis
405 626 442 656 ad
455 626 532 656 ostia
548 626 665 668 paludis
681 637 699 657 a
714 627 771 657 deo
788 625 906 656 homini
919 624 1095 655 assimulato
1119 628 1180 654 ter-

132 688 196 709 ram
212 677 304 708 dante
320 688 374 718 pro
387 677 486 708 xeniis
502 688 518 707 e
532 688 620 718 prora
632 677 815 719 Euphemus
832 676 1021 708 descendens
1034 675 1156 716 accepit
1170 688 1178 707 z

133 729 267 759 faustum
284 733 386 759 autem
404 727 431 758 ei
447 728 611 759 Saturnius
634 728 758 770 Jupiter
782 733 868 770 pater
883 727 1112 770 superintonuit
1130 732 1178 758 to-

135 781 215 811 nitru
226 791 236 818 3
252 800 296 804 —
310 780 432 821 quando
453 789 597 810 ancoram
610 781 974 818 aereum-os-habentem,
993 782 1102 813 velocis
1119 781 1180 811 Ar·
1194 781 1242 837 ⁸³22·
1255 782 1279 803 ‘2-

134 842 194 872 gus
223 832 366 870 fraenum,
383 843 399 862 e
429 832 498 863 navi
528 832 786 874 suspendentibus
814 832 948 863 occurrit
979 833 1070 872 (deus
1102 834 1180 872 ille).
1243 829 1248 835 ’

135 882 313 913 Duodecim
332 883 479 914 nimirum
502 888 592 914 antea
608 883 671 914 dies
688 895 726 914 ex
743 884 871 915 Oceano
894 884 1068 916 ferebamus
1091 896 1181 926 super

137 939 222 975 terga
238 939 326 966 terrae
343 935 460 966 deserta
477 936 626 966 marinam
642 937 758 967 trabem
776 936 910 968 consiliis
926 937 1066 968 eductam
1092 937 1179 968 meis.

136 985 228 1015 Tunc
244 985 337 1025 igitur
361 986 513 1027 solivagus
529 987 602 1017 deus
624 987 750 1018 accessit
765 988 924 1028 splendida
948 989 1002 1019 viri
1020 988 1179 1020 venerandi

138 1036 214 1066 facie
239 1042 393 1068 assumta:
418 1037 587 1079 amicisque
613 1038 711 1069 verbis
734 1050 819 1070 orsus
836 1045 893 1078 est,
909 1040 1079 1082 hospitibus
1095 1042 1180 1072 velut

136 1087 366 1119 advenientibus
382 1089 512 1119 benefici
529 1089 667 1131 hospites
684 1101 808 1121 coenam
827 1091 1016 1123 denunciant
1032 1093 1180 1133 primum.

136 1157 181 1163 --
207 1138 387 1180 [Enimvero
409 1140 526 1171 reditus
548 1151 638 1172 causa
660 1141 765 1173 dulces
788 1143 967 1183 prohibebat
999 1145 1085 1183 (nos)
1113 1155 1181 1175 ma-
1197 1148 1252 1187 Agnf.
1266 1151 1288 1171 ‘2-

138 1193 237 1228 nere].
281 1190 371 1221 Dixit
387 1202 466 1230 vero,
480 1191 667 1234 Eurypylum
679 1195 998 1226 terram-continentis
1009 1195 1107 1227 filiurn
1121 1197 1182 1227 im-
1212 1186 1250 1204 ‘³⁰'

140 1241 275 1272 mortalis
288 1241 429 1283 Neptuni
439 1254 515 1274 esse.
544 1243 624 1274 Cum
636 1249 737 1275 autem
753 1245 867 1276 videret
884 1249 970 1286 (nos)
982 1247 1160 1278 festinantes
1174 1259 1181 1278 ε

140 1292 242 1323 statim
258 1292 401 1334 arripiens
417 1293 522 1325 dextra
537 1295 661 1326 obvium
674 1301 759 1327 terrae
777 1296 928 1337 hospitale
939 1309 1051 1329 munus
1063 1300 1184 1331 studuit

140 1342 335 1384 (Euphemo)
352 1344 432 1375 dare.
477 1346 588 1387 Neque
598 1348 749 1378 recusavit
762 1347 844 1378 illam
856 1348 963 1388 licr0s3
977 1351 1029 1381 sed
1040 1351 1072 1381 in
1083 1351 1185 1383 littora

140 1394 298 1435 prosiliens
315 1397 422 1427 manui
438 1395 505 1438 ejus
522 1408 649 1429 manum
667 1409 741 1429 cum
759 1404 867 1430 contra
882 1402 1076 1441 porrexisset,
1092 1413 1182 1434 acee-

141 1446 186 1487 pit
201 1447 321 1487 glebam
341 1447 488 1479 divinam.
534 1450 637 1481 Audio
660 1456 765 1482 autem
788 1463 856 1483 eam
873 1455 1063 1486 submersam
1080 1467 1096 1486 e
1113 1455 1183 1487 navi

142 1497 260 1528 marina
286 1498 450 1530 diffluxisse
480 1511 571 1542 aqua,
591 1521 635 1525 —
658 1503 716 1532 sub
739 1514 896 1545 vesperam
921 1505 1050 1537 humido
1072 1509 1182 1550 pelago
1198 1516 1240 1546 Ερ.
1260 1520 1283 1540 ‘2-

143 1548 291 1590 illapsam.
341 1550 453 1592 Utique
469 1552 568 1593 ipsam
589 1554 802 1586 mandaveram
820 1567 903 1598 saepe
920 1559 1181 1600 levantibus-(he-
1211 1552 1250 1573 ⁷⁰'

144 1601 347 1637 tunm-labore
376 1603 498 1633 famulis
529 1605 717 1640 servandam.
763 1607 805 1637 At
836 1619 941 1640 eorum
972 1610 1076 1641 oblitae
1108 1617 1183 1643 sunt

145 1657 274 1682 mentes.
319 1653 420 1694 Atque
435 1665 521 1685 nunc
537 1655 567 1686 in
585 1656 679 1688 hacce
696 1657 795 1689 insula
822 1660 995 1693 immortale
1020 1665 1180 1704 profusum

144 1706 191 1731 est
207 1701 313 1742 Libyae
326 1704 470 1744 spatiosae
480 1716 584 1738 semen
601 1713 672 1739 ante
686 1714 820 1751 tempus.
865 1712 899 1742 Si
916 1713 998 1744 enim
1013 1714 1098 1746 domi
1114 1727 1181 1747 eam

146 1754 301 1794 (glebam)
318 1755 495 1796 projecisset
511 1759 541 1789 in
561 1759 670 1792 inferas
693 1762 769 1793 Orci
785 1763 899 1803 fauces,
917 1765 953 1795 ad
977 1776 1092 1797 sacram
1109 1767 1182 1798 Tae-

144 1815 254 1836 narum
282 1805 465 1848 Euphemus
491 1811 544 1841 ubi
567 1812 763 1853 pervenisset,
789 1815 870 1846 filius
886 1816 1183 1859 equitum—praesidis

146 1856 298 1898 Neptuni,
315 1868 378 1897 rex,
394 1870 488 1900 quem
509 1862 582 1893 olim
599 1863 725 1906 Europa
746 1865 831 1907 Tityi
848 1867 909 1898 filia
925 1869 1041 1909 peperit
1058 1870 1184 1911 Cephisi

146 1908 184 1938 ad
199 1909 295 1950 ripas:
325 1930 369 1934 ——
391 1918 498 1952 quarta
520 1916 716 1955 generatione
741 1918 873 1950 filiorum
899 1927 1115 1961 prognatorum
1133 1934 1182 1953 so-
1197 1925 1275 1966 5¹2³*

147 1960 230 1991 boles
246 1960 312 2002 ejus
327 1973 399 1994 eum
417 1964 533 1997 Danais
549 1968 640 1999 latam
666 1969 749 2001 illam
775 1972 987 2003 continentem
1004 1974 1184 2015 accepisset.
1213 1959 1252 1980 ω’

148 2009 240 2042 Tunc
262 2013 345 2044 enim
361 2025 378 2045 e
395 2026 508 2057 magna
535 2019 729 2059 egredientur
750 2018 978 2054 Laccdzenione
1007 2025 1185 2068 Argivoque

149 2061 220 2092 sinu
235 2068 265 2094 et
281 2065 432 2106 Mycenis.
479 2069 575 2101 Nune
598 2082 668 2102 vero
691 2074 916 2114 peregrinarum
938 2077 1100 2108 mulierum
1119 2089 1185 2108 am-

149 2113 288 2153 plexibus
304 2116 515 2159 (Euphemus)
533 2123 711 2162 praeclarum
735 2126 879 2167 suscipiet
893 2138 992 2168 genus
1009 2129 1184 2169 (virorum,)
