1439 2437
180 357 235 381 Aul.
248 359 286 381 1⁴2.

199 1111 244 1133 Sir.
256 1111 282 1134 Ξ.

212 1144 251 1166 37.

185 1421 241 1444 Ant.
263 1423 286 1444 Ξ.

218 1455 246 1474 48
251 1471 255 1475 .

202 1723 248 1752 Ep.
266 1725 289 1745 02.

219 1756 257 1776 59.

201 2089 247 2112 Str.
265 2089 289 2110 5.

299 220 338 247 10
675 220 937 251 OLYMPIA.

296 306 499 342 consequatur
514 302 678 343 hymnum,
691 309 799 336 nactus
813 315 874 336 uon
891 306 1061 337 invidorum
1076 307 1189 338 civium
1206 308 1323 338 amabi-

295 351 334 382 lia
356 353 510 383 carmina?
535 373 578 377 —
601 354 695 395 Atqui
712 355 797 394 sciat,
816 357 847 386 in
865 357 922 386 hoc
945 358 1046 387 calceo
1068 358 1189 388 felicem
1207 358 1319 399 pedem

293 412 325 432 se
341 402 460 441 habere,
475 404 524 444 (ad
540 415 571 434 se
582 404 648 435 liaec
662 407 823 446 pertinere)
839 406 968 437 Sostrati
985 408 1074 439 filius.
1113 409 1323 440 periculorum

295 464 363 483 vero
378 460 517 495 expertes
533 456 658 487 virtutes
688 467 744 487 nec
769 457 848 488 inter
864 458 1003 489 homines
1023 461 1113 499 (terra
1135 461 1323 500 pugnantes)

296 505 392 544 pretio
415 505 582 537 habentur:
608 507 711 537 necin
729 508 857 538 navibus
879 509 978 546 cavis;
1010 510 1073 548 sed,
1097 511 1278 550 praeclarum
1298 510 1327 539 si

295 555 368 594 quid
383 566 454 586 cum
468 558 568 588 labore
583 562 704 598 gestum
718 558 820 597 fuerit,
838 559 927 589 multi
943 558 1008 600 ejus
1025 561 1242 591 meminerunt.
1288 559 1326 590 In

295 611 325 636 te
341 617 420 644 vero,
435 618 453 636 o
470 608 590 648 Agesia,
607 609 671 639 laus
687 618 722 638 ea
737 609 891 647 convenit,
904 620 996 650 quam
1014 610 1097 651 juste
1118 611 1191 641 olim
1213 610 1327 641 Adras-

295 663 344 688 tus
369 658 400 688 in
420 663 518 689 vatem
544 659 698 690 Oiclidem
724 660 947 700 Amphiaraum
971 672 1021 691 ore
1047 662 1249 702 proloquutus
1272 664 1329 698 est,

222 729 228 736 .
246 714 283 735 ιδ.
294 718 389 748 quum
399 712 476 739 terra
490 709 652 750 ipsumque
668 709 843 749 etinsignes
860 721 953 750 equos
969 711 1174 751 absorpsisset.
1186 729 1231 735 --
1251 710 1329 750 Sep-

294 763 354 788 tem
381 760 463 789 enim
488 760 631 800 deinceps
647 760 726 800 rogis
749 760 929 790 cadaverum
946 762 1116 799 exstructis,
1134 760 1327 790 Talaionides

294 809 500 850 pronuntiavit
524 811 603 851 apud
625 811 748 841 Thebas
772 810 831 840 tale
853 811 975 851 aliquod
1002 811 1145 842 dictum:
1179 810 1328 841 Desidero

294 860 444 891 exercitus
458 861 517 891 mei
526 862 824 902 lumen,pariterque
838 866 938 892 vatem
952 872 1013 892 non
1029 863 1130 892 minus
1143 861 1325 902 sapientem,

295 921 387 951 quam
405 911 490 942 hasta
512 912 677 952 pugnando
700 913 820 942 fortem.
867 911 958 944 Quod
982 912 1062 943 idem
1079 923 1162 942 nunc
1179 911 1323 942 convenit

295 958 326 992 in
343 962 450 1002 hymni
466 962 526 993 mei
539 963 661 993 heroem
678 963 915 1004 Syracusanum,
932 963 1022 1004 idque
1039 963 1066 994 ei
1083 973 1180 1004 neque
1194 967 1324 993 conten-

296 1012 390 1043 tiosus
416 1024 474 1053 ego
505 1024 603 1054 neque
633 1014 796 1044 admodum
827 1013 955 1052 rixosus,
987 1025 1100 1054 magno
1125 1012 1324 1055 jurejurando

297 1063 475 1104 interposito
505 1065 615 1095 diserte
646 1066 797 1095 testabor:
831 1065 922 1095 modo
949 1065 1117 1095 mellisonae
1148 1065 1327 1106 permittant

295 1115 408 1145 Musae.
444 1132 485 1137 —
508 1114 611 1156 Junge
642 1115 718 1146 mihi
743 1114 820 1156 jam,
845 1126 864 1144 o
888 1115 1018 1153 Phintis,
1050 1116 1142 1145 robur
1171 1116 1326 1145 mularum

297 1176 389 1206 quam
406 1165 571 1203 celerrime,
589 1170 621 1195 ut
635 1177 688 1206 per
700 1167 778 1196 viam
796 1171 951 1207 patentem
965 1166 1074 1196 ducam
1088 1176 1223 1203 currum,
1237 1165 1324 1195 veni-

297 1228 407 1257 amque
420 1216 457 1246 ad
474 1215 623 1246 victorum
641 1216 732 1246 etiam
749 1216 886 1255 stirpem.
934 1217 1000 1246 Illae
1015 1216 1096 1246 enim
1114 1226 1177 1256 prae
1189 1216 1253 1246 aliis
1269 1215 1327 1246 du-

298 1278 348 1298 ces
364 1267 421 1297 viae
436 1266 526 1307 hujus
542 1277 606 1297 esse
624 1270 746 1304 norunt,
764 1277 889 1296 coronas
906 1266 1060 1307 Olympiae
1075 1266 1325 1307 quandoquidem

297 1322 496 1359 reportarunt.
542 1317 790 1347 Consentaneum
816 1317 916 1357 itaque
939 1322 984 1348 est
1013 1321 1113 1358 portas
1143 1317 1325 1357 hymnorum

297 1370 465 1410 patefacere
482 1368 574 1408 ipsis;
599 1368 635 1398 ad
654 1367 791 1399 Pitanam
808 1372 911 1399 autem
931 1367 1023 1409 juxta
1044 1367 1172 1398 Eurotae
1189 1372 1325 1398 meatum

297 1421 417 1457 oportet
440 1416 528 1446 hodie
551 1417 651 1446 venire
675 1416 864 1457 tempestive,
882 1436 925 1440 —
947 1428 1018 1457 quae
1035 1427 1052 1446 a
1069 1417 1220 1457 Neptuno
1236 1426 1326 1446 com-

296 1478 399 1508 pressa
426 1467 569 1497 Saturnio
596 1467 706 1497 dicitur
736 1466 829 1497 filiam
863 1467 1003 1498 violaceis
1033 1467 1148 1508 capillis
1177 1466 1326 1497 Evadnen

297 1518 465 1559 peperisse3
496 1519 575 1548 clam
600 1523 702 1549 autern
728 1523 895 1558 gestaverat
922 1518 1091 1559 virgineum
1121 1519 1218 1548 fetum
1246 1517 1327 1555 sinu,

292 1568 435 1610 justoque
452 1580 556 1600 mense
571 1569 683 1599 editam
707 1568 854 1600 infantem
873 1570 1002 1600 famulas
1020 1568 1113 1609 jussit
1136 1567 1326 1598 educandam

297 1621 412 1652 tradere
427 1621 510 1651 heroi
526 1620 607 1651 Elati
624 1620 697 1658 filio,
714 1620 766 1660 qui
782 1621 952 1651 Arcadibus
966 1620 1133 1660 imperabat
1155 1618 1327 1658 Phaesanae‚

297 1672 479 1713 sortitusque
495 1673 591 1703 fuerat
604 1672 758 1712 Alpheum
774 1674 918 1703 accolere.
965 1672 1012 1702 Ibi
1027 1670 1166 1707 educata,
1179 1670 1216 1699 ab
1229 1670 1326 1710 Apol-

297 1722 359 1752 line
369 1733 543 1763 compressa
554 1723 675 1753 dulcem
687 1722 822 1762 primum
833 1722 1004 1763 degustavit
1017 1721 1180 1751 Venerem.
1196 1739 1239 1743 —
1256 1721 1324 1751 Ne-

298 1784 355 1814 que
370 1775 458 1805 latuit
474 1774 623 1814 AEpytum
640 1773 725 1803 omni
743 1777 888 1814 tempore,
917 1773 1027 1812 (utero)
1059 1783 1126 1802 eain
1149 1772 1244 1801 celare
1275 1771 1325 1802 dei

298 1826 412 1866 prolem
426 1837 433 1862 3
458 1825 510 1855 sed
526 1825 550 1854 is
566 1824 688 1864 quidem
706 1824 808 1853 auimo
825 1825 1030 1864 comprimens
1046 1823 1119 1854 iram
1138 1822 1323 1853 ineffabilem

298 1877 408 1906 sollerti
426 1877 551 1906 consilio
574 1875 745 1915 Pythonem
770 1875 844 1904 abiit
866 1876 1021 1905 oraculum
1047 1874 1243 1904 consulturus
1267 1873 1326 1903 hoc

298 1926 334 1956 dc
351 1927 538 1957 intolerando
554 1937 635 1956 casu.
681 1925 736 1954 Illa
758 1936 826 1955 vero
850 1925 1259 1965 puuicen-trania-intcxtam
1272 1935 1325 1954 zo-

300 1989 369 2008 mm
395 1978 549 2019 deponens
573 1987 740 2016 urnamque
763 1981 949 2016 argenteam,
974 1976 1082 2005 dumos
1108 1974 1186 2004 iuter
1212 1985 1325 2014 opacos

299 2029 415 2070 peperit
432 2030 568 2059 divinum
585 2039 711 2068 puerum
725 2039 732 2064 ς
750 2028 822 2057 <luxu
842 2027 1024 2057 Aul-{comus
1038 2026 1140 2055 adesse
1157 2025 1182 2054 ci
1195 2025 1325 2065 jusserat

300 2080 508 2120 placidamque
521 2080 669 2110 Lucinam
685 2079 861 2119 Parcasque.
886 2098 927 2101 -γ-
952 2078 1065 2107 l'rodiit
1079 2076 1172 2116 iegitur
1186 2087 1222 2106 ex
1237 2080 1322 2107 utero

300 2137 387 2173 partu
411 2132 532 2162 amabili
557 2132 658 2161 statim
686 2131 715 2160 in
745 2131 843 2160 lucem
869 2129 997 2166 JamUSj:
1021 2138 1111 2168 quem
1138 2128 1188 2158 illa
1203 2127 1325 2167 quidem
