1439 2437
182 400 228 423 Str.
246 402 268 424 Q.

201 453 203 456 ⁴
212 433 243 455 42¹

170 766 228 790 Ant.
245 769 268 790 Q.

213 807 251 821 ua.

184 1121 268 1178 Epi-82.

183 1535 230 1558 Str.
243 1551 247 1556 .

210 1569 249 1590 83.

244 1537 265 1558 :A

169 1839 263 1863 Am.3.

206 1875 214 1886 r
228 1872 235 1876 ⁴

283 165 324 191 34
690 165 909 198 PYTHIA.

283 249 396 279 amavit
412 249 567 288 absentIa3
591 251 850 292 quemadmodum
868 253 957 284 etiam
985 253 1066 292 (alii)
1093 252 1182 283 multi
1207 249 1315 280 adfecti

283 309 348 330 esse
363 301 471 332 solent.
516 301 574 332 Est
603 303 747 333 nimirum
769 314 866 343 genus
882 304 1044 335 hominum
1072 301 1315 338 stolidissimum,

283 352 335 392 qui
352 355 495 393 (quorum
513 346 653 394 quisque)
669 358 901 385 contemnentes
917 354 1080 396 praesentia
1102 351 1314 393 circumspici-

284 407 339 433 unt
354 408 480 441 remota,
496 414 573 434 vana
589 409 802 434 consectantes
826 404 907 436 irrita
929 416 992 446 spe.
1008 424 1052 428 —-
1068 403 1229 434 Contraxit
1255 402 1314 432 hu-

247 449 253 455 ’
277 451 413 492 jusmodi
429 465 574 495 magnam
591 455 713 495 culpam
730 456 972 495 pulcre—vestitae
997 455 1117 485 animus
1145 452 1315 484 Coronidis-

282 502 440 535 Venientis
457 505 538 535 enim
556 516 593 536 ex
609 506 739 536 Arcadia
755 506 880 547 hospitis
896 507 928 537 in
943 507 1023 537 lecto
1033 506 1210 537 concubuit.
1240 504 1315 534 Nou

282 559 383 584 autem
398 556 488 586 latuit
504 557 740 596 speculatorem.
785 556 822 587 In
837 557 976 597 Pythone
993 557 1087 595 enim,
1104 557 1314 587 ovium-mac-

281 607 604 648 tatarum-receptrice,
622 607 690 637 haec
700 607 794 643 sensit
805 608 911 649 templi
928 619 980 639 rex
1003 608 1117 638 Loxias
1133 608 1170 638 ab
1189 616 1313 637 arcano-

281 669 347 688 rum
367 659 489 689 conscio
505 659 710 699 integerrimO,
727 659 758 689 in
775 664 913 691 mentem
930 660 1002 699 (sibi
1012 660 1056 698 id)
1070 659 1229 696 inducens,
1245 667 1313 687 orn-

282 709 332 739 nia
347 710 454 740 scienti
470 711 583 740 auimo.
628 710 712 740 Nam
727 711 800 741 falsa
817 722 879 741 non
901 711 1048 749 admittit,
1076 711 1215 751 fallitque
1240 719 1313 739 eum

282 771 337 790 nec
353 760 426 790 deus
444 771 499 791 nec
516 760 609 791 homo
625 771 681 791 nec
696 762 786 792 factis
805 773 861 792 nec
878 763 1022 793 consiliis.
1045 781 1089 785 ——
1114 761 1219 792 Etiam
1239 765 1313 790 tunc

280 811 414 842 sentiens
430 811 546 852 Ischyis
563 811 708 850 Elatidae,
725 812 778 853 qui
795 823 917 853 peregre
931 814 1101 851 advenerat,
1112 811 1312 843 concubitum

281 863 489 904 nefariamque
506 862 656 899 fraudem,
674 863 757 893 misit
772 874 916 904 sororem,
934 865 977 894 ira
1007 865 1158 894 furentem
1183 861 1313 902 ingenti,

279 913 449 944 Laceriam.
494 914 578 944 Nam
595 914 632 944 ad
648 914 806 944 Boebiadis
825 916 974 955 (paludis)
991 915 1069 956 ripas
1084 913 1241 944 habitabat
1253 912 1313 942 vir·

279 976 329 1004 go.
375 965 485 995 Fatum
504 970 607 995 autem
632 965 790 1004 infestum,
807 965 844 996 ad
858 966 972 996 malum
991 966 1073 1006 quod
1090 966 1187 1004 (eam)
1209 963 1312 1003 impu-

279 1016 365 1052 lerat,
382 1016 511 1056 perdidit
527 1026 606 1046 eam.
650 1015 693 1046 Et
709 1016 877 1047 vicinorum
895 1016 983 1046 multi
1000 1016 1030 1046 in
1048 1016 1223 1046 societatem
1240 1013 1314 1044 mali

280 1071 440 1097 venerunt.
485 1067 569 1097 Nam
595 1064 687 1097 simul
713 1067 866 1108 perierunt
880 1079 889 1105 3
925 1078 1129 1108 magnamque
1157 1067 1188 1097 in
1206 1069 1312 1096 monte

280 1117 359 1157 ignis
375 1129 413 1148 ex
438 1128 499 1148 uno
523 1117 639 1148 semine
668 1118 783 1149 irruens
808 1119 936 1150 vastavit
964 1119 1081 1149 silvam.
1103 1138 1147 1142 —
1168 1119 1211 1148 At
1226 1122 1312 1159 post-

279 1180 370 1209 quam
385 1176 466 1199 strue
483 1169 514 1199 in
530 1169 631 1209 lignea
646 1170 833 1200 collocarunt
850 1171 973 1211 cognati
989 1171 1135 1211 puellam,
1151 1171 1312 1210 fulgorque

278 1220 486 1250 circumcurrit
498 1219 660 1250 vehemens
674 1219 817 1258 Vulcani,
828 1226 904 1251 tunc
915 1221 992 1251 dixit
1002 1221 1114 1262 Apollo
1129 1232 1135 1250 :
1160 1220 1234 1250 Non
1245 1231 1310 1251 sus-

277 1270 382 1301 tinebo
397 1270 510 1309 animo,
528 1271 662 1301 sobolem
679 1282 777 1301 meam
794 1272 917 1313 perdere
934 1271 1103 1302 miseranda
1120 1276 1226 1309 morte,
1244 1282 1309 1301 ma-

278 1322 331 1352 tris
341 1322 422 1362 gravi
434 1333 505 1352 cum
517 1322 650 1353 interitu.
682 1322 734 1352 Sic
744 1322 830 1359 dixit,
843 1333 1006 1363 gressuque
1016 1320 1115 1363 primo
1125 1322 1311 1363 prehensum

278 1383 408 1413 puerum
428 1384 444 1403 e
461 1373 604 1404 cadavere
633 1373 767 1414 eripuit;
792 1374 899 1404 ardeus
926 1378 1029 1404 autem
1057 1373 1115 1413 ipsi
1140 1372 1310 1404 dissiluerat

278 1435 361 1465 pyra.
406 1423 448 1453 Et
465 1424 569 1464 utique.
585 1435 656 1454 eum
674 1424 837 1464 Magnesio
853 1425 990 1455 adferens
1006 1424 1127 1455 tradidit
1144 1424 1308 1462 Centauro,

279 1480 312 1506 ut
329 1476 354 1506 is
370 1475 490 1506 doceret
505 1486 575 1505 eum
594 1475 800 1506 multinocuos
817 1475 977 1506 hominum
995 1486 1099 1506 sanare
1117 1476 1248 1505 morbos.
1265 1494 1309 1499 —-

279 1527 347 1557 Hos
360 1526 463 1567 igitur,
479 1531 627 1566 quotquot
644 1537 713 1556 eum
731 1526 880 1564 adierunt,
895 1531 946 1556 aut
962 1526 1185 1567 sponte—enatis
1199 1525 1308 1556 ulceri-

278 1579 335 1609 bus
352 1578 474 1615 adflicti,
492 1583 544 1608 aut
559 1588 636 1608 cano
654 1588 712 1607 aere
728 1588 837 1608 saxove
854 1577 975 1607 eminus
986 1576 1071 1618 jacto
1089 1578 1227 1607 membra
1241 1577 1309 1606 vul-

277 1629 384 1669 nerati,
401 1635 453 1660 aut
470 1629 575 1660 aestivo
590 1629 653 1669 igni
670 1629 818 1669 srigoreve
835 1628 961 1659 hiberno
977 1639 1085 1669 corpus
1101 1628 1167 1658 laesi
1179 1627 1310 1658 liberans

276 1682 370 1711 alium
388 1682 425 1712 ab
441 1681 506 1711 aliis
522 1680 673 1710 doloribus
690 1680 817 1717 eduxit3
842 1680 916 1710 alios
940 1679 1063 1720 quidem
1090 1678 1234 1709 mollibus
1252 1678 1309 1717 ,in-

276 1731 500 1762 cantationibus
517 1742 637 1767 curans,
656 1731 729 1761 alios
746 1741 814 1761 vero
841 1730 1025 1760 lenientibus
1048 1729 1234 1770 potionibus,
1261 1729 1309 1759 vel

276 1783 421 1813 membris
445 1781 716 1812 circumnecteudo
747 1781 881 1821 undique
906 1780 1118 1818 medicamina,
1145 1770 1310 1819 (amuletaj

275 1835 349 1865 alios
365 1826 495 1873 denique
518 1833 704 1863 sectionibus
731 1832 863 1862 restituit
892 1842 990 1862 sanos.
1013 1851 1056 1855 -—
1079 1831 1193 1862 Verum
1222 1832 1307 1861 lucro

275 1886 368 1916 etiam
386 1885 532 1925 sapientia
549 1884 657 1915 irretiri
674 1885 761 1914 solet.
808 1883 953 1913 Pervertit
969 1888 999 1913 et
1016 1883 1103 1913 illum
1120 1883 1222 1923 ampla
1242 1881 1306 1912 auri

273 1948 398 1975 merces,
416 1937 447 1966 in
465 1935 605 1966 manibus
621 1936 753 1975 fulgens,
770 1939 802 1964 ut
818 1934 915 1964 virum
932 1946 948 1964 e
964 1938 1059 1964 morte
1069 1934 1224 1964 reduceret
1238 1932 1305 1974 jam

271 1987 451 2018 damnatum
469 1986 601 2027 (morti).
646 1985 706 2016 Sed
721 1985 861 2015 manibus
881 1985 1041 2015 Saturnius
1050 1984 1202 2025 trajiciens
1216 1984 1305 2014 utris-

273 2049 331 2079 que
346 2038 573 2079 respirationem
594 2041 753 2077 pectorum
771 2036 895 2066 abstulit
911 2035 1055 2073 celeriter,
1069 2035 1236 2075 ardensque
1246 2035 1304 2064 ful-

272 2100 342 2120 men
356 2088 467 2120 inflixit
480 2092 620 2119 mortem„
645 2087 776 2129 Oportet
786 2097 803 2117 a
813 2086 869 2117 diis
880 2086 1013 2126 flagitare
1022 2096 1068 2124 ea,
1081 2096 1149 2126 quse
1160 2085 1304 2117 conveni-
