1439 2437
432 181 663 214 CARMEN
691 181 746 213 lV.
1093 182 1133 209 43

90 276 195 303 turum
216 280 281 301 esse
307 268 485 309 (Jasonem)
510 268 656 298 laborem.
702 267 886 308 Repositum
911 265 994 296 enim
1021 269 1084 296 erat
1100 264 1132 295 in

92 323 182 360 saltu,
192 320 392 361 draconisque
403 318 630 350 custodiebatur
639 317 813 350 saevissimis
824 317 924 355 malis,
936 317 988 358 qui
998 316 1133 348 crassitie

93 373 344 415 longitudineque
358 370 759 413 quinquaginta-remorum
778 380 886 400 navem
904 368 1015 409 (ipsam
1032 369 1132 408 Argo)

91 426 262 467 superabat,
283 434 375 465 quam
400 427 634 454 construxerant
658 422 736 453 ictus
759 422 839 452 ferri.
862 440 906 443 —
929 420 1038 460 Longe
1054 419 1248 461 1nihiss„,11‚

93 477 140 516 (in
164 481 288 518 promtu
310 477 404 513 esset)
433 474 594 516 procedere
618 474 650 504 in
665 474 732 504 via:
766 472 983 514 opportunitas
1007 470 1131 512 quidem
1162 465 1218 487 4³9·

90 529 226 561 adesset:
250 528 302 559 sed
312 528 383 559 novi
394 527 485 558 etiam
496 527 637 558 semitam
649 526 804 567 quandam
819 526 954 562 brevem,
965 523 1132 564 multisque

89 581 233 623 praecello
248 580 376 611 artificio
400 579 488 619 (hoc)
506 579 582 610 aliis.
629 578 781 618 (Verboe)
806 576 968 608 Interfecit
990 576 1042 607 ille
1058 581 1132 614 arte,

91 633 303 664 caesiis-oculis
325 632 568 673 varioque-tergo
590 636 775 672 serpentem,
791 641 809 660 o
825 630 972 667 Arcesila,
990 629 1132 668 clamque

93 685 223 716 abduxit
238 684 384 716 Medeam
401 695 473 715 cum
484 684 606 721 vellere,
619 682 712 713 Peliae
728 687 859 713 mortem
871 693 880 720 3
897 682 935 712 ad
950 680 1131 721 Oceanique

90 741 220 778 pontum
231 741 424 767 accesserunt
434 746 575 776 mareque
588 735 716 765 rubrum
730 733 994 774 Lemniarumque
1003 736 1130 773 gentem

90 788 273 818 feminarum
297 787 502 825 vidcidarum,
520 787 572 817 ubi
588 791 618 817 ct
635 786 844 816 membrorum
863 785 894 815 in
910 783 1131 815 certaminibus

89 839 297 870 exhibuerunt
321 839 492 880 specimen,
510 843 592 869 veste
612 838 732 877 nudati,
748 856 793 861 ——-
808 841 839 867 et
861 840 946 875 (cum
965 835 1039 873 illis)
1057 845 1129 865 con·
1144 838 1192 876 Str:
1209 838 1249 861 12-

88 895 264 920 sueverunt.
309 891 411 930 Atque
442 895 521 928 tum,
547 889 579 920 in
604 889 772 930 peregrinis
798 888 872 919 licet
900 887 996 926 terris,
1021 890 1130 916 vestrae
1160 871 1217 893 4⁰⁹⁸

90 940 247 971 felicitatis
262 940 408 971 scintillas
425 941 546 982 accepit
559 940 659 971 fatalis
681 940 745 971 dies
760 940 808 970 vel
822 943 938 969 noctes.
981 938 1030 969 Ibi
1046 937 1129 968 enim

89 1002 187 1031 genus
213 990 368 1031 Euphemi
393 997 493 1022 satum
522 992 553 1022 in
579 996 735 1030 posterum
763 994 951 1032 perpetuum
978 991 1130 1029 (tempus)

90 1042 202 1073 extitit.
239 1041 283 1072 Et
295 1040 604 1072 Lacedaemoniorum
618 1040 747 1080 ingressi
757 1041 843 1070 sedes
853 1044 959 1081 postea
968 1039 1131 1080 aliquando

88 1093 121 1124 in
145 1092 303 1123 Callistam
329 1092 499 1132 migrarunt
526 1090 670 1121 insulam.
716 1090 794 1121 Inde
808 1101 879 1121 vero
895 1089 980 1120 vobis
998 1090 1130 1121 Latonae

89 1144 171 1175 filius
191 1143 274 1174 dedit
299 1143 429 1183 Libyam
454 1146 564 1172 terram
586 1142 713 1172 deorum
736 1141 888 1172 beneficio
903 1141 1075 1180 colendam,
1092 1142 1130 1172 ad

87 1197 195 1227 urbem
211 1195 397 1226 aurithronae
413 1193 645 1235 gubernandam
663 1194 798 1225 divinam
821 1193 955 1234 Cyrenes
978 1213 1022 1218 —
1037 1193 1128 1225 recti-
1143 1198 1200 1236 Any.
1212 1201 1252 1222 12.

90 1247 307 1278 consultricem
324 1246 518 1287 prudentiam
537 1245 667 1287 adeptis.
712 1246 798 1276 Calle
815 1256 900 1276 nunc
919 1245 1032 1287 OEdipi
1046 1245 1127 1287 sapi·
1157 1233 1216 1256 4⁰⁶⁸

91 1298 218 1329 entiam.
261 1297 392 1328 Etiamsi
415 1297 482 1338 quis
503 1307 603 1327 ramos
630 1302 721 1328 acuta
737 1297 837 1328 securi
851 1301 991 1339 amputet
1009 1307 1133 1338 magnae

91 1359 233 1390 quercus,
254 1349 408 1389 foedetque
432 1347 641 1379 admirandam
659 1347 725 1390 ejus
741 1349 896 1390 speciem:
922 1351 1041 1388 (tamen
1066 1349 1133 1388 illa)

92 1401 148 1431 etsi
170 1401 278 1431 sterilis
294 1400 420 1439 reddita,
437 1401 487 1431 dat
503 1410 567 1430 suae
585 1404 702 1431 naturae
724 1405 952 1441 argumentum,
967 1400 991 1431 si
1009 1400 1133 1441 quando

91 1452 236 1482 hibernus
252 1451 331 1492 ignis
347 1451 398 1482 illa
411 1451 465 1482 fiat
480 1451 518 1482 ad
532 1456 719 1490 extremum,
736 1457 790 1482 aut
807 1452 898 1482 rectis
915 1452 1060 1483 herilibus
1084 1453 1132 1491 (in

95 1503 158 1534 heri
168 1503 274 1542 domo)
286 1503 438 1533 columnis
451 1503 531 1533 fulta
542 1505 703 1544 (tauquam
717 1504 815 1541 trabs)
826 1514 905 1534 onus
916 1503 982 1534 aliis
994 1503 1026 1534 in
1038 1503 1132 1534 muris

92 1554 214 1585 difficile
230 1553 391 1593 sustineat,
408 1565 463 1585 suo
476 1554 622 1585 derelicto
638 1555 717 1586 loco.
740 1574 784 1578 -—-
806 1555 857 1585 Tu
873 1566 944 1586 vero
966 1555 1036 1586 ades
1064 1566 1131 1586 me-
1147 1560 1191 1590 Ep.
1210 1562 1252 1584 12.

90 1606 176 1636 dicus
208 1605 486 1646 opportunissimus
500 1618 507 1643 3
544 1606 700 1647 Paeanque
744 1611 830 1638 tuam
867 1606 999 1637 honorat
1037 1606 1132 1637 vitam
1163 1594 1220 1617 ⁴8⁰·

94 1657 190 1695 (favet
206 1656 289 1694 tibi).
333 1657 464 1697 Oportet
480 1658 567 1688 molli
583 1668 679 1688 manu
695 1658 831 1688 adhibita
846 1669 879 1689 os
896 1658 1028 1689 vulneris
1051 1663 1131 1689 trac-

95 1712 169 1737 tare.
215 1706 319 1738 Facile
335 1707 449 1749 quippe
465 1714 509 1739 est
520 1709 673 1739 civitatem
685 1714 849 1740 concutere
860 1709 950 1740 etiam
966 1709 1131 1740 imbecilli-

90 1760 204 1790 oribus,
250 1759 293 1789 At
308 1759 340 1789 in
357 1759 426 1790 sede
443 1760 554 1791 iterum
571 1761 730 1799 collocare,
747 1761 871 1791 difficile
888 1762 994 1802 utique
1010 1765 1067 1799 est,
1082 1760 1131 1791 in-

91 1810 218 1851 opinato
234 1811 292 1841 nisi
307 1810 381 1842 deus
394 1811 583 1853 principibus
600 1813 786 1853 gubernator
795 1813 935 1843 adfuerit.
978 1812 1052 1843 Tibi
1063 1823 1132 1842 vero

91 1861 200 1892 harum
217 1873 315 1893 rerum
333 1863 508 1895 contexitur
525 1864 627 1895 decus.
674 1863 835 1895 Persevera
847 1864 968 1895 felicem
986 1864 1018 1894 in
1036 1863 1131 1905 Cyre-

91 1923 152 1943 nen
179 1913 354 1955 impendere
387 1915 524 1947 studium
559 1926 661 1946 omne.
685 1935 729 1938 —
753 1915 990 1947 Homericarum
1027 1920 1131 1946 autem
1144 1920 1190 1944 Str.
1206 1923 1245 1946 13.

93 1964 184 1995 etiam
200 1964 279 1995 hanc
295 1965 490 1997 considerans
507 1966 691 1997 sententiam
705 1978 796 1998 cura:
822 1967 980 1997 Nuntium
996 1966 1131 2007 pruden-
1155 1955 1211 1977 4⁹³*

94 2017 169 2053 tem,
184 2015 294 2057 inquit,
312 2016 459 2049 honorem
476 2018 645 2049 maximum
663 2018 811 2059 (adeoque
826 2020 1019 2057 successum)
1035 2027 1133 2058 nego-

93 2065 136 2095 tio
160 2066 253 2097 cuivis
277 2068 391 2099 afferre.
437 2070 581 2111 Augetur
606 2069 681 2100 adeo
713 2070 859 2109 (honore)
889 2069 984 2101 Musa
1009 2079 1133 2110 quoque

93 2117 203 2148 nuntio
215 2123 312 2150 recto.
359 2119 515 2161 Cognovit
532 2121 651 2161 Cyrene
666 2126 696 2152 et
713 2120 908 2152 celeberrima
921 2120 1031 2151 domus
1047 2119 1133 2152 Batti
