1439 2437
413 153 645 186 CARMEN
668 153 724 184 IV.
1052 152 1092 179 89

55 254 126 285 quae
143 242 178 274 ad
195 240 376 272 hilaritatem
393 243 550 271 convertat
564 239 689 270 dulcem
704 236 908 279 cor(partim)
921 236 952 267 in
966 235 1091 267 conval-

57 295 135 325 libus
163 292 272 324 lsthmi
296 292 406 332 adepto
430 301 576 328 coronas3
601 290 711 331 partim
736 290 839 328 (cum)
857 288 888 319 in
906 298 980 318 cavo
995 286 1092 318 leonis

56 344 204 387 pectorosi
221 354 342 374 nemore
360 342 558 384 proclamavit
573 341 705 372 Theben
722 359 764 364 ——
777 351 868 371 cursu
881 339 1013 380 equestri
1028 338 1091 368 vic·
1106 342 1184 371 Epnd.

58 401 114 427 tor.
157 396 186 426 A
203 394 366 436 majoribus
382 399 484 424 autem
503 393 702 434 congenitam
719 391 776 422 sibi
798 392 943 422 virtutem
961 400 1022 421 non
1038 389 1092 420 de-

58 446 189 478 decorat.
233 446 326 476 Scitis
349 456 420 476 sane
446 444 608 485 Cleonymi
624 443 752 484 gloriam
770 442 928 483 antiquam
957 442 1096 472 curribus

59 503 195 539 partam;
219 502 250 528 et
266 508 304 527 ex
322 501 458 527 materno
475 506 585 536 genere
603 494 784 525 Labdacidis
800 494 906 524 affines
929 492 960 523 in
985 492 1097 523 divitiis

62 549 168 580 versati
185 554 256 580 sunt
272 548 350 579 inter
365 548 579 589 quadrigarum
604 546 731 583 labores.
776 545 915 586 Tempus
938 554 1009 574 vero
1031 543 1097 572 vol-

64 601 205 631 ventibus
215 611 280 632 sese
293 600 403 631 diebus
420 600 477 630 alia
493 599 566 630 alias
582 608 635 639 per
651 598 731 628 vices
745 597 849 627 afferre
862 596 950 626 solet.
972 594 1098 626 Prorsus

61 651 168 683 intacti
184 652 236 693 (ab
250 650 380 682 adversis
392 651 497 689 rebus)
514 654 588 681 sunt
603 649 659 680 filii
675 649 812 680 deorum.

439 870 626 906 ISTHM.
656 870 714 905 IV.

278 969 313 1009 E
333 968 520 1009 IDEM
573 966 896 1009 MEMSSO.

72 1085 149 1124 Fs'r
165 1091 251 1129 mihi,
267 1090 393 1121 deorum
419 1089 580 1127 beneficio,
605 1088 726 1120 infinita
751 1098 996 1130 quoquoversum
1013 1087 1073 1126 via,
1089 1098 1108 1118 o
1122 1099 1168 1121 Str.
1182 1100 1206 1122 1.

71 1141 215 1179 Melisse3
247 1141 366 1182 copiam
395 1139 478 1170 enim
501 1139 611 1170 dedisti
637 1139 776 1170 Isthmiis
804 1139 971 1177 (victoria),
996 1143 1109 1169 vestras

73 1192 181 1231 (totius
196 1192 296 1233 gentis
313 1190 447 1229 Melissi)
465 1191 590 1221 virtutes
613 1190 730 1231 hymno
753 1189 973 1232 prosequendi:
997 1190 1109 1230 quibus

74 1242 282 1283 Cleonymidae
293 1244 432 1273 florentes
442 1240 697 1293 serqperjuvante
710 1241 767 1272 deo
778 1241 937 1271 mortalem
950 1245 1109 1282 permeant

74 1293 144 1324 vitae
170 1293 345 1325 terminum.
389 1292 474 1322 Alias
499 1298 602 1323 autem
628 1293 704 1323 alius
720 1297 828 1322 ventus
844 1303 952 1323 omnes
968 1291 1109 1323 homines

74 1346 219 1386 ingruens
233 1345 346 1387 agitat:
369 1364 413 1368 —
436 1344 558 1383 (etiam)
575 1345 619 1375 illi
636 1343 730 1385 igitur
751 1343 867 1374 Thebis
882 1343 914 1374 in
927 1344 1043 1374 honore
1059 1344 1109 1374 fu-
1123 1348 1181 1372 Ant.
1196 1348 1235 1371 11.

74 1397 133 1428 isse
142 1397 310 1438 antiquitus
320 1395 741 1437 memorantur,h0spitesque
752 1394 1110 1434 circum-habitantium,

77 1450 279 1489 clamosaeque
303 1452 442 1489 expertes
458 1446 655 1478 contumeliae
666 1459 676 1485 3
700 1451 852 1488 quotquot
874 1457 944 1478 vero
960 1446 1040 1477 inter
1055 1445 1114 1476 ho-

77 1499 175 1531 mines
202 1500 305 1529 volant
331 1499 549 1529 defunctorum
574 1497 773 1538 vivorumque
796 1497 930 1529 virorum
953 1497 1115 1528 immensae

82 1550 187 1591 gloriae
203 1550 392 1588 testimonia,
408 1559 444 1579 ea
456 1548 562 1579 onmia
576 1549 746 1590 attigerunt
757 1549 979 1589 perfectissima
988 1559 998 1586 ;
1015 1547 1116 1578 virtu-

84 1601 226 1641 tibusque
242 1600 280 1631 ad
294 1604 443 1630 extremas
466 1610 561 1640 usque
578 1599 648 1630 inde
664 1610 681 1630 a
697 1599 790 1630 domo
805 1611 859 1630 sua
875 1600 1034 1630 columnas
1049 1608 1119 1640 per-

85 1652 210 1692 tingunt
227 1651 412 1682 Herculeas:
430 1670 472 1673 —
489 1643 546 1681 nec
562 1651 607 1681 fas
618 1655 664 1681 est
675 1650 799 1691 longius
809 1655 966 1682 extentam
979 1651 1122 1681 affectare
1136 1661 1184 1692 Ep.
1197 1662 1239 1683 «ει.

87 1704 301 1744 (quemquam)
313 1701 455 1733 virtutem
468 1712 476 1731 ι
493 1712 702 1742 equorumque
712 1702 820 1732 altores
829 1702 962 1739 fuerunt,
975 1711 1124 1742 aeneoque

86 1753 183 1785 Marti
207 1753 327 1794 probati
343 1758 427 1783 sunt.
473 1751 640 1784 Enimvero
655 1753 704 1783 die
727 1763 788 1783 una
803 1763 890 1794 asper
905 1753 1030 1785 nimbus
1053 1752 1127 1783 belli

87 1808 217 1847 quatuor
244 1803 313 1834 viris
341 1802 458 1834 orbavit
486 1803 608 1835 beatam
630 1803 771 1834 domum.
816 1804 911 1834 Nunc
926 1815 996 1836 vero
1012 1814 1127 1843 rursuS,

88 1860 159 1897 post
186 1855 344 1886 hibernam
370 1853 552 1886 volubilium
580 1854 734 1886 mensium
758 1855 921 1896 caliginem
938 1856 1029 1887 tellus
1045 1856 1129 1886 velut

89 1905 238 1947 puniceis,
266 1906 444 1944 floruerunt,
467 1905 541 1936 rosis
563 1925 607 1929 —
627 1906 755 1937 deorum
779 1907 918 1937 numine.
963 1906 1131 1940 Quassator
1144 1913 1193 1936 sar.
1207 1914 1233 1936 2.

92 1961 192 1987 autem
220 1962 319 1994 terrae,
343 1957 539 1987 Onchestum
568 1956 754 1996 inhabitans,
771 1962 801 1988 et
823 1961 950 1999 pontem
976 1956 1131 1989 marinum
1160 1947 1200 1969 ³²⁷·

93 2011 163 2038 ante
178 2006 320 2038 Corinthi
337 2018 452 2046 muros,
468 2007 591 2039 huncce
606 2008 734 2049 largitus
749 2008 886 2049 ipsorum
902 2007 1006 2049 generi
1023 2007 1131 2039 mirifi-

95 2069 166 2089 cum
182 2058 344 2098 hymnum,
354 2069 370 2089 e
385 2059 466 2090 lecto
481 2059 595 2090 excitat
608 2059 737 2091 Famam
753 2059 912 2101 antiquam
929 2059 1132 2100 gloriosorum

183 2119 253 2140 VOL.
277 2119 311 2140 11.
683 2121 702 2140 N
