1439 2437
481 202 713 235 CARMEN
738 203 826 234 VIII.
1133 205 1169 233 15

141 293 172 319 et
187 288 265 329 apud
278 288 369 326 αἰνή-ε,
386 293 416 319 et
431 289 511 330 apud
528 291 712 331 peregrinos,
729 289 874 331 quoniam
890 287 1170 320 inimica-insolen-

141 341 193 371 tiae
208 340 255 370 via
270 345 351 370 recta
368 341 498 377 incedit;
523 343 615 383 probe
631 342 740 380 sciens,
757 352 827 383 quae
844 351 914 371 eum
932 345 1014 370 recta
1028 350 1065 370 ex
1082 338 1169 369 bonis

140 391 273 432 patribus
291 402 376 422 mens
393 397 508 423 monet.
556 392 629 423 Noli
645 394 806 424 obscurare
822 402 1021 423 communem
1043 390 1167 431 stirpem

140 440 344 480 Callianactis,
357 442 611 484 Eratidarumque
621 444 740 474 decora.
776 443 916 473 Celebrat
928 441 1078 482 (quidem)
1091 441 1169 471 festa

138 491 276 522 convivia
291 493 381 522 etiam
399 492 514 524 civitas.
560 493 633 523 Uno
649 497 752 524 tamen
771 496 929 523 momento
939 489 1083 531 temporis
1095 489 1167 520 alias

137 541 205 572 aliae
222 542 369 583 ingruunt
383 554 474 574 aurae.

488 759 688 795 OLYMP.
716 758 814 794 V111.

340 848 968 894 ALCIMEDONTL

409 962 470 991 PU
481 962 568 989 ERO
603 961 887 990 LUCTATORI.

135 1045 165 1076 Ο
182 1056 294 1078 MATER
304 1049 400 1079 aureis
415 1049 533 1079 coronis
543 1048 708 1089 insignium
720 1049 923 1080 certaminum
937 1047 1091 1089 Olympia,
1106 1046 1161 1077 do·
1177 1056 1224 1078 Sar.
1240 1061 1265 1082 ι.

136 1097 219 1129 mina
234 1099 378 1137 veritatis,
396 1100 446 1130 ubi
462 1105 545 1130 vates
563 1100 694 1130 incensis
711 1101 842 1130 victimis
858 1105 1043 1140 augurantes
1055 1100 1161 1140 explo-

134 1155 200 1180 rant
214 1150 324 1182 Jovem
342 1151 484 1181 velociter
498 1151 730 1190 fulminantem,
748 1162 822 1182 num
840 1162 932 1192 quam
950 1152 1059 1182 babeat
1089 1151 1162 1181 rati-

133 1211 223 1232 onem
241 1202 414 1240 hominum,
430 1202 619 1243 cupientium
635 1203 739 1233 animo
767 1213 910 1243 magnam
927 1203 1069 1234 virtutem
1087 1213 1161 1233 con-

133 1252 230 1292 sequi,
247 1253 445 1294 laborumque
461 1254 606 1294 requiem.
628 1273 671 1278 —
682 1253 841 1285 Perficitur
851 1258 954 1284 autem
967 1253 1026 1284 hoc
1041 1253 1071 1284 in
1087 1265 1158 1294 gra·
1179 1262 1233 1285 Ant.
1247 1263 1285 1286 ιο,

132 1302 206 1333 tiam
222 1313 345 1344 precum
360 1304 482 1345 piorum
499 1305 672 1336 hominum.
717 1305 791 1344 Sed,
804 1316 822 1335 o
839 1305 919 1336 Pisae
935 1306 1109 1336 arborosum
1124 1305 1161 1336 ad

131 1354 286 1395 Alpheum
303 1365 422 1393 nemus,
439 1355 558 1386 huncce
575 1356 724 1397 hymnum
743 1361 774 1386 et
789 1356 925 1386 coronati
937 1356 1059 1387 victoris
1070 1367 1161 1397 pom-

131 1415 199 1445 pam
225 1406 337 1446 accipe.
381 1406 536 1447 Magnum
565 1407 656 1438 decus
680 1418 800 1448 semper
824 1407 888 1449 ejus
912 1412 969 1446 est,
997 1407 1047 1438 cui
1071 1413 1159 1438 tuum

130 1457 291 1497 praemium
323 1458 484 1499 contigerit
499 1459 625 1490 illustre.
648 1460 719 1489 Alia
744 1463 847 1490 autem
864 1459 929 1489 aliis
945 1459 1092 1490 eveniunt
1105 1461 1160 1490 bo-

129 1518 178 1538 na.
202 1508 305 1539 Multa
320 1510 401 1540 enim
430 1510 555 1541 deorum
581 1510 730 1541 beneficio
746 1521 858 1551 genera
887 1515 959 1540 sunt
989 1510 1159 1542 felicitatis.

131 1577 174 1582 —
189 1559 283 1591 Vobis
299 1571 379 1597 vero,
394 1560 623 1600 Timosthenes,
640 1561 750 1602 obtigit
765 1562 892 1592 felicitas
908 1572 961 1602 per
976 1561 1087 1592 Jovem
1103 1573 1159 1603 ge-
1175 1572 1218 1602 Ep.
1237 1574 1272 1595 ιο,

131 1610 268 1649 nitalem‚
286 1612 338 1653 qui
352 1617 381 1643 te
397 1612 520 1653 quidem
534 1613 665 1644 Nemeae
680 1614 892 1655 conspicuum,
911 1613 1159 1644 Alcimedontem

129 1674 199 1695 vero
214 1664 293 1705 apud
311 1664 436 1695 Saturni
464 1666 573 1695 collem
591 1665 662 1696 fecit
683 1666 886 1706 Olympicum
903 1664 1060 1695 victorem.
1084 1664 1160 1696 Erat

128 1718 178 1748 ille
208 1717 352 1757 adspectu
377 1717 490 1756 pulcer,
526 1717 673 1757 factisque
704 1728 765 1748 non
794 1716 977 1747 dedecorans
1007 1716 1157 1754 formam;

127 1767 333 1810 promulgavit
361 1767 458 1797 victor
486 1768 570 1798 lucta
600 1768 808 1809 longis-remis
840 1771 977 1797 utentem
1005 1766 1157 1807 ,Eg-inam

127 1819 255 1861 patriam
269 1830 277 1855 3
304 1818 359 1849 ubi
373 1818 504 1859 Sospita,
520 1819 592 1850 Jovi
607 1820 749 1860 hospitali
766 1818 916 1856 adsidens,
933 1817 1043 1848 colitur
1058 1818 1156 1850 Justi-

127 1871 168 1901 tia
185 1889 225 1893 ——
241 1871 309 1911 plus
327 1880 416 1910 qnam
435 1870 515 1911 apud
531 1870 604 1900 alios
621 1870 772 1901 homines,
810 1870 904 1907 Nam,
922 1869 1004 1910 quod
1022 1871 1155 1902 multum
1170 1884 1218 1907 5η,
1232 1889 1256 1909 2³.

126 1928 157 1954 et
173 1923 285 1953 multas
301 1922 332 1952 in
349 1926 446 1962 partes
476 1922 584 1963 vergit,
612 1923 642 1953 id
659 1928 738 1953 recta
768 1921 933 1963 dijudicare
962 1927 1074 1958 mente,
1094 1933 1155 1953 non
1186 1919 1225 1940 ''⁵‘'-

126 1985 292 2015 perperam,
320 1973 442 2004 difficile
472 1979 527 2004 cst.
566 1974 734 2005 Decretum
756 1985 824 2004 vero
851 1963 1004 2015 iluotldam
1030 1973 1157 2006 deorum

128 2025 217 2056 etiam
234 2026 313 2056 lianc
334 2025 407 2056 mari
419 2025 552 2056 cinctam
565 2030 685 2064 terram,
696 2026 923 2056 confluentibus
937 2025 1070 2066 undique
1080 2038 1156 2057 con-

127 2076 226 2106 stituit
242 2076 411 2116 hospitibus
428 2077 601 2106 columnam
619 2077 772 2112 ‹livinnnm
800 2077 934 2108 futurum
954 2081 1054 2107 autem
1073 2082 1153 2108 tem-

128 2137 184 2168 pus
201 2127 317 2158 efficere
333 2128 401 2166 hoc,
420 2132 453 2158 ut
470 2128 511 2157 ita
525 2128 573 2166 sit,
592 2139 629 2157 ne
646 2128 763 2160 &minat
779 2128 784 2157 l
807 2148 846 2151 -—-
863 2139 879 2158 a
903 2127 1020 2159 Dorico
1036 2129 1152 2168 populo
1168 2138 1251 2161 Anne.

1183 2183 1221 2192 o..
