1439 2437
255 171 295 196 66
660 172 869 204 ΝΕΜΕΑ.

256 253 318 283 lam
349 255 458 285 celebri
488 257 623 287 admovit
654 260 743 288 famae
776 258 988 299 praeclarisque
1017 261 1176 298 poetarum
1208 252 1288 283 euris

259 314 380 336 sacrum
412 306 513 347 Pythii
545 308 721 340 Thearium.
766 309 968 350 Experiundo
995 320 1065 339 vero
1092 305 1302 347 conspicitur„

264 357 338 395 (quo
350 355 381 386 in
398 358 597 389 certaminum
614 364 736 400 genere)
754 360 880 401 quisque
905 359 1100 390 excellentior
1114 356 1223 388 fuerit:
1247 374 1291 379 —

161 401 251 456 Arit34'
264 405 342 436 inter
364 419 472 448 pueros
496 408 678 450 juvenculos
705 423 790 452 puer,
807 412 885 442 inter
907 412 985 441 viros
1008 410 1069 447 vir;
1103 409 1191 440 tertia
1214 407 1293 437 inter

181 446 236 468 ¹²³'
264 458 465 498 provectiores
482 471 547 500 pars
569 464 670 500 (aetas)
689 468 743 500 est,
761 463 881 504 qualern
898 461 1053 502 quodlibet
1069 462 1087 481 ἧς
1104 459 1293 500 assequimur

265 510 392 539 mortale
419 521 516 550 genus
545 514 613 547 (nos
640 513 803 544 hominum
827 513 978 554 quisque).
1023 512 1099 542 Suas
1115 521 1184 541 vero
1200 510 1292 540 etiam

265 566 372 600 quarto
399 562 467 591 loco
494 563 618 593 virtutes
642 565 728 595 affert
752 569 903 602 senectus,
920 563 1153 604 prudenterque,
1168 565 1294 591 tractare

261 609 351 651 jubet
367 612 394 642 id
411 613 490 653 quod
509 614 538 643 in
556 614 697 645 manibus
713 620 769 644 est.
813 616 841 645 A
857 615 967 654 quibus
984 625 1045 644 non
1061 614 1144 643 abest
1165 611 1296 649 (Aristo—

268 662 385 699 clides).
431 663 520 694 Salve
546 664 655 695 amice.
702 665 772 705 Ego
794 665 888 695 hocce
911 664 966 694 tibi
982 664 1071 694 mitto
1088 663 1219 693 mixtum
1237 662 1297 692 mel

269 714 397 744 candido
413 725 481 744 cum
500 716 589 753 lactc,
607 716 821 756 admixtusque
842 727 889 746 ros
905 720 1052 756 temperat
1068 719 1175 756 potum
1192 717 1297 744 canta-

137 772 203 809 Epos!
230 774 254 794 4.
270 765 363 795 bilem
380 765 417 795 ad
431 765 568 797 AEolicos
584 767 671 797 flatus
691 767 843 804 tibiarum,
857 786 899 789 —
915 778 980 797 sero
995 767 1078 797 licet.
1123 765 1181 796 Est
1196 769 1298 795 autem

172 807 224 827 ¹¹⁰⁰·
271 817 372 855 aquila
388 817 474 846 velox
490 817 567 847 inter
581 818 727 855 volucres,
742 828 812 858 quae
828 817 951 858 corripit
967 818 1070 848 statim
1092 828 1108 847 e
1131 816 1301 856 longinquo

272 868 435 907 insequuta
451 873 609 898 cruentam
628 868 758 908 praedam
777 868 914 909 pedibuS.
960 868 1094 899 clamosi
1111 874 1216 898 contra
1231 877 1300 907 gra-

274 919 337 949 culi
366 919 496 949 humilia
518 919 697 959 depascunt.
742 919 814 949 Tibi
839 919 974 959 quidem,
997 919 1206 960 pulcrithrona
1236 917 1304 948 Clio

274 970 405 1004 volente,
423 970 541 1000 victoris
558 970 651 1000 animi
667 969 809 1008 (virtutis)
821 980 912 1000 causa
927 980 944 1000 a
959 970 1079 1001 Nemea
1088 969 1305 1011 Epidauroque

276 1021 472 1061 Megarisque
489 1021 615 1061 affulget
630 1021 733 1051 decus.

688 1260 901 1296 NEM.1V.

390 1363 798 1404 TIMASARCHO
830 1363 1158 1411 AEGINETAE,

679 1487 961 1515 LUCTATORL

188 1611 236 1634 su.
251 1613 273 1633 1.
290 1589 451 1629 OPTimus
467 1596 575 1627 laetitia
589 1597 725 1626 laborum
743 1595 898 1626 finitorum
916 1596 1053 1626 medicus
1066 1596 1206 1635 (medela,
1223 1607 1320 1628 recre-

291 1654 364 1692 atio)
379 1664 387 1689 3
412 1657 442 1681 et
459 1651 611 1691 sapientes
629 1649 791 1679 Musarum
811 1648 881 1678 flliae
897 1648 977 1679 Odae
993 1648 1180 1679 blandiorem
1191 1649 1321 1679 reddunt

291 1715 357 1735 ean]
375 1713 524 1743 aggressae
542 1702 605 1740 (eos
619 1701 752 1738 cauere).
778 1700 887 1740 Neque
904 1700 1000 1729 calida
1015 1710 1093 1740 aqua
1109 1704 1230 1729 tantum
1241 1701 1321 1730 mol-

293 1755 333 1785 lia
349 1754 420 1784 facit
438 1753 587 1790 membra,
614 1756 765 1791 quantum
792 1751 857 1780 laus
883 1750 1006 1780 citharae
1034 1761 1148 1781 comes.
1188 1749 1320 1781 Carmen

294 1805 382 1836 factis
407 1802 580 1834 diuturnius
604 1802 689 1839 vivit,
710 1801 792 1842 quod
825 1800 1001 1831 charitibus
1030 1801 1155 1842 (Musis)
1186 1802 1324 1843 propitiis

175 1863 233 1887 Ant.
247 1864 284 1886 14.
295 1858 402 1897 lingua
417 1867 431 1885 e
447 1859 549 1885 mente
566 1853 723 1894 protulerit
740 1855 809 1883 alta.
825 1873 867 1875 —
883 1853 981 1885 Quale
996 1853 1070 1883 mihi
1082 1864 1256 1885 consecrare
1267 1855 1325 1884 Sa·

296 1908 458 1947 turnioque
475 1905 545 1936 Jovi
562 1910 592 1935 et
609 1905 738 1935 Nemcae
755 1904 1009 1944 Timasarchique
1026 1904 1119 1934 luctae
1133 1904 1239 1945 hymni
1255 1915 1324 1945 pro-

297 1959 428 1990 oemium
460 1957 603 1997 (utinam)
636 1955 813 1995 contingat!
845 1954 987 1995 Accipiat
1019 1960 1119 1985 autem
1152 1955 1323 1995 (benevole)

297 2010 494 2041 Aiacidarum
506 2006 723 2038 bene-munita
738 2004 974 2046 sedes,·justitiae
986 2006 1327 2047 hospitibus-opitulan-

297 2061 336 2092 tis
351 2070 518 2092 communc
533 2060 639 2089 lumen
661 2057 792 2097 (decus).
816 2056 849 2086 Si
866 2067 935 2087 vero
945 2056 1043 2087 adhuc
1055 2061 1162 2098 vegeto
1171 2055 1326 2088 Timocri-

494 2148 505 2159 '¹'
525 2145 597 2174 ιῘωῠς.
626 2142 717 2166 ἐ’καΜ-σν
729 2142 794 2172 ‘fim-
829 2143 860 2166 At
873 2151 895 2166 v.
912 2143 965 2165 Not.
