1439 2437
220 226 269 248 Str.
285 226 308 248 ⁶2.

254 259 292 281 28.

222 484 268 508 An·
290 488 311 509 2.

255 519 294 540 255.

258 766 297 803 44.

228 1090 277 1111 sir,
294 1090 308 1110 3

259 1121 297 1143 51).

328 142 369 169 92
711 135 968 167 ISTHMIA.

325 223 493 265 Lamponis
509 222 578 254 filiis
594 240 637 245 -—
652 222 731 252 hanc
746 221 778 251 in
794 220 1206 262 legibus-bene-instructam
1230 219 1354 249 urbem:

323 285 394 315 quae
419 285 492 305 cum
520 282 665 304 conversa
681 272 720 302 sit
734 271 907 302 divinorum
924 270 1093 301 facinorum
1112 270 1143 300 in
1160 270 1245 300 viam
1263 269 1351 310 splen

320 325 434 361 didam,
459 335 497 355 ne
520 323 654 354 invideas
669 322 774 352 laudes
796 321 1011 351 convenientes
1027 321 1142 362 hymno
1156 321 1282 351 miscere
1297 330 1352 360 pro

320 375 484 405 laboribus.
529 373 657 404 Etenim
684 372 776 402 etiam
806 372 886 402 inter
912 371 1030 401 Heroes
1056 371 1171 402 strenui
1194 371 1353 401 bellatores

322 428 436 456 famam
465 424 574 456 lucrati
597 427 690 460 sunt3
723 423 976 462 celebranturque
1003 422 1096 463 inque
1112 421 1245 459 citharis,
1261 421 1353 451 tibia-

325 487 453 517 rumque
476 475 639 506 omnisono
665 473 790 514 strepitu
808 492 846 496 -—
865 472 949 503 omni
975 477 1134 514 tempore3
1158 472 1353 513 studiumque

325 528 512 567 (carminum
528 525 701 562 materiem)
726 524 822 565 poetis
838 525 985 565 praebent,
1010 524 1095 554 Jovis
1120 523 1279 561 beneficio,
1295 523 1352 554 ho—

326 579 442 609 norati:
466 578 496 607 in
511 576 685 607 AEtolorum
717 575 838 616 quidem
857 575 1010 605 sacrificiis
1040 575 1208 605 illustribus
1225 574 1356 606 OEnidae

325 629 460 660 strenui:
484 628 664 668 Thebisque
690 637 838 667 equorum
855 626 984 667 agitator
1000 627 1101 657 Iolaus
1118 627 1148 656 in
1165 626 1279 657 honore
1292 631 1356 665 est3

328 681 514 721 Perseusque
530 679 639 719 Argis-3
665 678 856 719 Castorisque
881 677 975 708 virtus
993 677 1186 717 Pollucisque
1203 678 1239 708 ad
1256 677 1356 709 Euro-

260 757 264 768 ,
290 750 303 768 ς
327 736 366 762 te
383 733 517 768 fluenta3
534 749 575 752 —
589 734 620 760 at
636 729 668 759 in
685 729 815 759 OEnona
830 729 943 767 <insula
959 728 1085 768 AEgina)
1101 729 1298 769 magnanima
1311 729 1359 759 in-

326 784 410 814 doles
426 781 517 812 AEaci
548 780 752 821 filiorumque.
796 779 859 812 Qui
875 784 905 809 et
935 779 1046 820 praeliis
1063 779 1107 809 bis
1124 781 1229 810 urbem
1244 780 1363 811 Troum

328 836 531 870 vastaverunt,
548 835 709 871 sequentes
741 830 909 861 Herculem
927 830 1020 870 prius,
1052 834 1117 860 tum
1136 841 1207 860 cum
1236 831 1359 861 Atridis.

329 885 456 925 Impelle
474 894 558 914 nunc
576 882 650 913 mihi
670 884 822 923 (cursum)
833 883 941 922 procul
955 892 971 911 a
987 886 1063 911 terra
1076 881 1121 918 (in
1135 882 1258 921 altum).
1275 882 1335 912 Die
1350 893 1358 912 ε

329 937 453 977 quinam
473 934 627 974 Cycnum,
644 933 768 973 quinam
789 931 955 962 Hectorem
972 932 1159 970 occiderunt,
1176 937 1206 962 et
1229 933 1361 974 impera-

329 995 424 1019 torem
455 986 638 1026 AEtlniopum
665 984 849 1024 intrepidum
877 983 1078 1013 Memnonem
1107 988 1335 1013 mre-armatum
1349 984 1359 1014 ?

329 1039 408 1073 Quis
423 1043 580 1068 strenuum
592 1035 764 1076 Telephum
777 1035 942 1064 vulneravit
957 1045 1010 1065 sua
1023 1035 1107 1064 hasta
1117 1034 1199 1065 Caici
1210 1036 1246 1066 ad
1258 1035 1358 1075 ripas?

329 1110 364 1113 —
388 1089 451 1127 (llli
468 1087 606 1128 quidem)
624 1097 752 1126 quorum
767 1085 913 1125 AEginam
931 1086 1043 1125 profert
1053 1096 1085 1115 os
1101 1086 1240 1126 patriam,
1258 1088 1359 1118 excel-

329 1143 443 1172 lentem
459 1140 601 1170 insulam.
617 1137 819 1167 constructus
826 1147 896 1166 vero
907 1141 952 1166 est
962 1136 1143 1176 jamdudum
1155 1139 1297 1168 cumulus
1307 1150 1359 1169 ex·

329 1194 477 1223 celsorum
492 1190 769 1228 sacinorum,quem
781 1188 981 1218 conscendere
992 1189 1087 1228 possis
1098 1200 1106 1226 ς
1125 1190 1284 1230 multaque
1294 1201 1360 1221 rec-

329 1244 443 1283 tiloqua
460 1242 564 1281 lingua
595 1240 669 1270 mihi
682 1239 784 1280 jacula
801 1238 932 1277 (laudes)
950 1239 1041 1268 habet
1071 1239 1107 1269 de
1124 1240 1181 1270 illis
1213 1241 1359 1279 sonandi3

332 1296 423 1325 etiam
443 1303 525 1323 nunc
542 1292 572 1322 in
590 1292 669 1321 bello
686 1290 785 1320 testari
803 1294 903 1330 potest
916 1291 986 1319 urbs
1006 1290 1118 1331 Ajacis,
1132 1296 1247 1321 servata
1260 1302 1276 1321 a
1287 1293 1363 1322 clas-

295 1365 298 1368 ·
333 1344 426 1375 siariis
444 1362 484 1365 —
501 1342 532 1372 in
550 1340 829 1377 multum-exitiali,
844 1340 984 1378 Salamis,
995 1341 1081 1371 Jovis
1095 1341 1202 1379 imbre,
1221 1343 1366 1374 innume-

263 1383 302 1405 613.

241 1657 286 1684 Ep,
303 1657 323 1676 (ἶ.

332 1396 473 1427 rabilium
489 1392 650 1423 hominum
668 1391 852 1431 grandinosa
867 1391 961 1421 caede.
1007 1392 1067 1421 Sed
1085 1396 1187 1422 tamen
1205 1393 1363 1433 gloriatio-

333 1457 403 1477 nem
420 1445 580 1483 submerge
596 1442 726 1472 silentio.
750 1441 872 1482 Jupiter
889 1442 955 1471 haec
983 1447 1012 1472 et
1030 1442 1080 1471 illa
1099 1444 1248 1481 (secunda
1264 1449 1294 1475 et
1310 1445 1364 1476 ad-

332 1497 427 1535 versa)
447 1493 610 1531 distribuit,
627 1492 757 1533 Jupiter,
775 1492 915 1522 omnium
933 1492 1088 1523 dominus.
1115 1493 1217 1524 Mellis
1230 1505 1300 1525 vero
1316 1495 1366 1526 in-

332 1553 393 1578 star
408 1546 569 1576 amabilem
578 1543 753 1584 hujusmodi
765 1542 856 1573 etiam
867 1543 976 1573 decora
992 1543 1139 1583 (victoriae
1149 1546 1367 1577 certaminibus

333 1598 440 1640 partae)
457 1595 623 1637 epinicium
642 1594 790 1634 hymnum
808 1598 922 1624 amant.
940 1593 1113 1624 Contendat
1126 1595 1275 1636 quispiam
1293 1598 1367 1627 alla-

336 1651 444 1679 borans
464 1645 645 1686 (certamina
660 1645 868 1684 frequentans)
889 1664 919 1666 —
932 1645 969 1675 de
983 1646 1211 1684 certaminibus,
1228 1646 1265 1676 de
1274 1652 1367 1687 gente

339 1698 475 1729 Cleonici
493 1697 545 1726 ubi
561 1695 740 1726 inaudiverit
759 1696 868 1734 (certet
886 1694 960 1724 mihi
988 1695 1056 1735 quis
1073 1707 1144 1726 cum
1161 1707 1196 1726 ea
1223 1697 1366 1728 victoria·

336 1761 404 1782 rum
422 1747 575 1779 nurnerol.
599 1747 672 1777 Non
689 1747 823 1786 profecto
852 1745 1006 1776 involutus
1036 1747 1167 1777 tenebris
1184 1752 1231 1778 est
1256 1749 1367 1789 longus

335 1803 420 1832 labor
435 1801 579 1836 virorum,
604 1808 714 1838 neque,
731 1802 855 1838 quantae
878 1797 1027 1837 impensae
1038 1798 1075 1829 ad
1100 1798 1283 1839 potiundum
1313 1811 1366 1841 spe

339 1853 440 1891 (sactae
452 1850 590 1889 fuerint),
601 1849 737 1878 stimulat
748 1859 850 1878 curam
863 1853 976 1888 (neque
987 1849 1192 1890 impensarum
1208 1851 1366 1892 poenitet).

336 1902 445 1932 Laudo
461 1901 563 1937 etiam,
582 1898 728 1939 Pytheam
746 1898 824 1928 inter
840 1900 1231 1932 membrorum-domitores
1256 1902 1367 1942 (athle-

337 1954 393 1993 tas)
401 1951 573 1991 Phylacidae
590 1951 745 1991 plagarum
757 1960 878 1980 cursum
889 1949 1042 1988 direxisse,
1057 1952 1197 1982 manibus
1210 1952 1364 1993 dextrum,

335 2003 439 2033 animo
455 2013 568 2043 parem.
598 2000 716 2042 Accipe
733 2000 760 2030 ei
776 2011 930 2039 coronam,
948 2003 1049 2043 ferque
1060 2003 1195 2035 villosam
1215 2005 1360 2046 (laneam)

335 2054 453 2091 vittam,
469 2057 500 2083 et
516 2053 628 2084 alatum
648 2062 761 2083 novum
779 2051 943 2084 uua-mitte
960 2053 1119 2093 hymnum.
