1439 2437
488 213 719 246 CARMEN
745 215 804 246 lll.
1160 221 1175 242 Τ

145 303 307 334 taminum.
338 322 381 325 —
414 302 531 343 Populo
563 312 673 342 nempe
713 301 982 342 Hyperboreorum
1024 301 1177 342 Apollinis
1191 306 1237 334 Sir.
1249 315 1271 335 2.

146 353 253 384 cultori
270 353 416 394 persuasit
430 354 578 394 petiitque
592 353 641 383 ille
659 352 749 383 fidam
768 352 947 383 memoriam
958 363 1079 383 servans
1091 352 1179 384 Jovis
1208 346 1248 367 ‘⁴³²⁵‘

146 404 284 445 hospitali
298 406 369 435 luco
383 406 561 435 umbrosum
573 414 709 444 germen,
724 403 963 444 hominibusque
976 404 1070 434 simul
1084 403 1179 434 virtu·

144 456 182 486 tis
198 467 351 487 coronam.
395 456 467 487 Jam
485 455 567 486 enim
583 460 649 486 tum
667 455 705 493 ci,
723 460 791 496 post
807 465 871 485 aras
883 455 961 496 patri
978 460 1180 493 consecratas,

144 506 234 537 Luna
249 517 338 538 curru
352 517 442 538 aureo
459 511 556 544 vecta,
576 507 689 546 (antea)
708 505 878 544 dimidiata,
893 507 984 547 pleno
999 507 1056 537 sub
1072 517 1179 548 vespe-

144 569 207 589 ram
236 558 350 588 lumine
373 559 535 595 affulserat,
558 577 600 580 —
629 556 754 598 jamque
771 568 954 597 magnorum
977 558 1179 588 certaminum
1196 571 1250 593 Aut.
1264 575 1286 595 2,

144 614 286 639 sanctum
305 608 456 650 judicium
474 609 621 649 ludosque
637 608 729 638 simul
745 608 987 648 quinquennales
1011 609 1181 640 instituerat
1229 605 1268 626 ³⁷*

145 660 262 690 divinas
279 660 315 690 ad
332 660 409 701 ripas
426 660 558 700 Alphei:
583 659 634 690 sed
652 660 789 690 nondum
818 660 937 700 pulcras
961 662 1081 691 arbores
1108 672 1180 702 pro-

144 711 334 751 germinabat
350 722 422 752 ager
447 710 565 752 Pelopis
582 711 612 742 in
631 711 757 752 planitie
781 711 919 742 saturnii
950 712 1074 751 (collis).
1119 712 1181 742 His

143 762 307 794 destitutus
322 763 407 793 locus
430 773 573 793 amoenus
589 773 687 803 quum
705 762 856 793 videretur
872 763 899 793 ei
916 762 1012 793 acutis
1028 762 1180 793 obnoxius

143 825 207 844 esse
230 814 319 845 radiis
334 814 416 852 solis,
434 819 500 845 tum
522 814 552 844 in
570 819 678 844 terram
698 813 819 845 Istriam
848 819 883 844 ut
898 814 1095 844 contenderet
1111 813 1179 844 ani-

145 877 212 896 mus
237 877 306 897 eum
324 866 456 908 impulit.
478 885 522 889 -—
545 866 592 898 lbi
617 865 746 897 Latonae
772 876 923 906 equorum
947 865 1094 905 agitatrix
1118 865 1180 896 filia
1194 877 1268 907 Εροᾱ,

143 917 267 958 excepit
282 917 455 948 venientem
474 917 613 948 Arcadiae
630 916 740 959 ajugis
753 921 783 947 et
799 917 880 947 varie
896 917 1037 948 flexuosis
1053 917 1178 947 recessi-
1201 914 1223 933 ²·
1235 912 1274 933 46.

145 968 210 1004 bus,
226 979 322 1008 quum
334 967 421 1009 jussu
439 967 603 1008 Eurysthei
631 968 795 998 necessitas
811 978 828 997 a
844 972 927 1008 patre
949 967 1095 1009 imposita
1109 979 1177 999 coe-

144 1019 236 1059 gisset
252 1030 321 1050 eum
339 1019 487 1050 adducere
497 1019 689 1050 auricornem
704 1029 836 1056 cervam,
850 1029 941 1060 quam
957 1020 1030 1050 olim
1041 1019 1179 1060 Taygeta

145 1071 255 1102 Dianae
288 1071 430 1101 dedicans
461 1081 574 1101 sacram
604 1070 807 1111 inscripserat.
830 1090 874 1093 —
899 1070 992 1101 Hanc
1017 1071 1180 1111 insequens
1194 1080 1239 1103 Str.
1252 1082 1276 1103 3.

142 1122 218 1153 vidit
234 1126 263 1152 et
279 1122 361 1152 illam
379 1126 499 1159 terram,
517 1123 604 1152 flatus
618 1132 636 1151 a
648 1126 733 1161 tergo
748 1120 855 1152 Boreae
869 1121 981 1162 frigidi.
1026 1121 1074 1151 Ibi
1090 1123 1180 1152 arbo·
1227 1114 1266 1136 55.

144 1184 190 1204 res
211 1172 376 1204 admiratus
400 1172 558 1210 constitit;
590 1172 745 1213 dulceque
768 1182 838 1202 eum
863 1172 964 1202 tenuit
986 1171 1180 1212 desiderium,

145 1224 225 1255 circa
240 1223 380 1254 curriculi
396 1223 542 1264 equestris
560 1228 675 1254 metam
701 1222 864 1253 duodecies
890 1222 1181 1255 circumvehendam

145 1287 194 1306 eas
211 1275 379 1317 plantandi.
422 1277 525 1316 Atque
538 1275 629 1306 etiam
642 1285 725 1306 nunc
744 1274 781 1304 ad
798 1274 856 1305 hoc
868 1275 1016 1306 sollemne
1029 1275 1181 1317 propitius

143 1327 226 1358 venit
250 1338 321 1358 cum
345 1327 517 1358 altecinctae
541 1326 636 1357 Ledae
660 1325 791 1367 geminis
814 1326 923 1357 divinis
946 1326 1027 1357 filiis.
1050 1347 1094 1350 —
1118 1327 1179 1359 His
1196 1343 1250 1366 Ant.
1266 1345 1289 1366 3,

143 1378 224 1409 enim
242 1378 396 1409 mandavit
411 1378 514 1409 abiens
530 1378 568 1409 ad
584 1378 768 1418 Olympum,
786 1382 819 1408 ut
835 1382 974 1418 regerent
991 1379 1108 1410 celebre
1132 1379 1177 1410 vi—
1236 1377 1278 1400 ⁶⁴·

143 1440 303 1471 rorumque
319 1429 356 1460 de
367 1429 478 1461 virtute
494 1439 699 1469 curruumque
715 1429 812 1460 veloci
829 1428 996 1470 agitatione
1012 1434 1177 1462 certamen.

144 1482 199 1513 Me
215 1481 309 1523 igitur
330 1482 450 1513 animus
467 1481 597 1523 impellit
619 1480 827 1522 pronuntiare,
843 1480 1041 1512 Emmenidis
1054 1481 1177 1513 'Thero-

143 1533 234 1574 nique
247 1533 362 1564 venisse
378 1533 547 1571 victoriam,
557 1531 798 1573 Tyndaridarum
809 1532 996 1573 equestrium
1007 1533 1158 1564 beneficio
1168 1546 1177 1572 ς

143 1584 290 1626 quoniam
304 1584 470 1625 plurimum
487 1583 566 1614 inter
581 1585 723 1614 mortales
737 1584 938 1626 hospitalibus
950 1584 1047 1626 epulis
1063 1585 1175 1625 (sacro-
1219 1585 1223 1588 ”

143 1646 224 1673 rum,
252 1634 418 1673 sacrificiis)
449 1634 588 1674 plurimis
621 1645 673 1665 eos
706 1636 821 1673 colunt,
845 1655 888 1658 -—
910 1634 1050 1675 religiosa
1073 1641 1175 1666 mente
1193 1646 1267 1677 Epnd,

143 1687 335 1717 observantes
351 1685 476 1716 deorum
494 1685 581 1715 festa.
630 1685 674 1716 Ut
689 1697 760 1717 vero
775 1697 855 1727 aqua
870 1685 1075 1727 principatum
1091 1691 1176 1718 tenet
1188 1680 1211 1702 3·
1223 1682 1261 1703 ⁷3*

144 1739 222 1769 inter
236 1738 398 1775 elementa,
416 1737 552 1777 interque
568 1748 640 1778 opes
655 1738 909 1779 pretiosissimum
925 1743 971 1769 est
987 1748 1092 1769 aurum
1106 1751 1113 1769 ι
1131 1739 1176 1769 sic

143 1800 226 1821 nunc
242 1789 366 1819 Theron
383 1792 553 1818 extremum
570 1788 740 1820 terminum
756 1789 866 1820 virtute
882 1789 1067 1830 adsequutus
1080 1790 1174 1820 attin-

143 1841 189 1882 git
205 1844 288 1882 parta
303 1850 320 1869 a
334 1850 366 1869 se
381 1840 470 1870 laude
487 1839 633 1870 Herculis
650 1841 828 1879 columnas3
853 1841 932 1871 ultra
947 1851 1020 1881 quas
1036 1841 1175 1881 progredi

143 1902 201 1922 nec
219 1891 405 1933 sapientibus
421 1896 467 1922 est
483 1902 661 1923 concessum
679 1903 735 1924 nec
752 1891 975 1934 insipientibus.
1013 1892 1086 1922 Non
1103 1903 1176 1923 sane

144 1942 267 1974 tendam
282 1943 427 1974 ulterius:
452 1954 548 1975 vanus
564 1955 672 1975 essem.
