1439 2437
269 195 286 220 (3
636 191 902 222 OLYMPIA.

268 287 350 318 pem.
382 277 494 307 Multae
505 276 580 306 mihi
595 278 652 307 sub
670 277 773 307 cubito
788 278 898 307 celeres
913 278 1033 317 sagittae
1050 277 1128 306 intra
1143 279 1214 306 sunt
1224 275 1299 315 plia-

269 333 380 358 retram
396 331 538 358 sonantes
555 327 808 367 intelligentibus,
830 328 867 358 ad
884 329 991 368 vulgus
1007 332 1109 358 autem
1127 326 1299 367 interpreti-

268 380 324 410 bus
339 378 489 419 indigent.
520 378 550 408 Is
566 378 692 408 demum
714 383 759 409 est
774 378 892 416 doetus,
917 379 969 419 qui
986 379 1084 409 multa
1099 378 1157 408 scit
1180 382 1297 408 naturae

269 430 451 470 sagacitate3
476 433 506 459 at
536 428 680 459 discendo
695 429 778 460 docti
812 431 937 469 (poetae)
967 429 1042 459 facti
1058 439 1199 470 procaces
1226 433 1298 458 sunt

165 488 222 511 Ant.
234 489 258 512 5.
271 481 463 522 loquacitate,
480 484 513 510 ut
540 490 596 510 ceu
611 480 692 510 corvi
722 480 804 510 irrita
818 480 951 520 garriant
967 499 1008 504 —-
1023 484 1175 510 certantes
1208 478 1293 509 Jovis

170 522 221 544 ¹⁵9¹
270 543 341 562 cum
358 532 429 562 alite
445 530 558 561 divino.
590 531 668 570 Age,
685 531 797 569 anime,
814 530 938 561 intende
955 542 1038 561 nunc
1066 530 1103 561 ad
1121 535 1233 561 metam
1250 541 1299 560 ar-

269 593 352 614 cum.
375 583 551 615 Quemnam
566 581 702 622 petimus
720 581 819 612 missis
846 592 883 611 ex
901 582 1048 612 benevola
1076 592 1177 612 rursus
1193 585 1297 611 mente

268 633 406 673 gloriosis
423 633 513 662 telis?
540 631 622 662 Sane
639 632 669 663 in
686 633 891 673 Agrigentum
908 632 1070 663 intendens
1085 632 1184 663 dicam
1197 632 1297 674 jusju-

266 684 397 715 randum
430 682 528 714 veraci
545 688 659 718 mente,
677 684 792 714 nullam
824 684 931 713 urbem
948 688 1074 714 centum
1106 683 1185 714 intra
1200 694 1297 713 annos

266 735 464 776 progenuisse
480 735 578 765 virum
595 735 698 765 animo
715 735 744 765 in
763 734 876 765 amicos
893 734 1173 768 beneficentiorem,
1185 744 1297 765 manu-

145 790 220 819 Epud,
232 792 254 814 5.
266 797 325 827 que
337 787 496 827 largiorem
513 804 555 808 ——
567 786 719 817 Therone.
743 786 859 817 Verum
876 786 997 816 laudem
1015 785 1179 826 impugnat
1201 784 1296 815 furio-

160 823 214 846 ¹⁷³⁴
267 848 368 868 sorum
387 837 547 868 hominum
566 837 738 874 insolentia,
752 837 864 878 injuste
884 848 950 867 eam
976 847 1126 877 aggressa,
1144 836 1174 866 id
1189 846 1295 875 agens,

265 893 299 919 ut
314 888 533 919 obtrectatione
560 899 613 919 sua
628 888 755 919 honesta
774 889 876 928 (facta)
895 889 1050 918 occultata
1076 889 1184 918 obruat
1200 887 1297 927 pravis

263 941 362 972 factis.
386 940 467 970 Nam
486 950 575 970 arena
590 950 751 971 numerum
774 940 885 980 refugit
895 950 904 976 3
928 939 978 970 ille
989 950 1057 969 vero
1074 943 1187 981 quanta
1202 939 1295 969 bene—

266 991 334 1022 ficia
349 992 381 1022 in
397 992 470 1022 alios
487 991 659 1030 contulerit,
675 991 743 1032 quis
759 1000 913 1022 recensere
929 990 1028 1021 ausit?

628 1160 828 1196 OLYMP.
857 1161 923 1196 111.

457 1253 711 1293 EIDEM
742 1251 1110 1297 THERONI,

688 1362 865 1390 CURRU.

170 1435 488 1480 S¹1·.1.TYNDAR1D1s
512 1448 669 1489 hospitum
695 1447 870 1477 amantibus
896 1446 986 1487 cupio
1010 1447 1127 1486 placere
1146 1446 1295 1486 pulcrioo-

266 1510 385 1540 maeque
410 1499 553 1537 Helenae,
578 1500 652 1529 dum
678 1499 818 1528 inclitum
846 1498 1052 1538 Agrigentum
1082 1498 1236 1528 celebrans
1263 1498 1294 1528 in

264 1551 415 1581 Theronis
428 1550 624 1591 Olympicam
639 1549 793 1579 victoriam
808 1549 957 1589 hymnum
971 1553 1113 1586 contexo,
1129 1548 1294 1578 indefesso-

266 1613 333 1633 rum
350 1612 497 1642 equorum
513 1601 617 1631 decus.
663 1600 757 1630 Musa
770 1604 871 1630 autem
885 1599 927 1629 sic
941 1609 1011 1629 sane
1023 1599 1098 1629 mihi
1112 1599 1238 1637 adstitit,
1250 1603 1294 1637 ut,

150 1665 203 1688 Am,
218 1669 253 1689 10,
267 1664 344 1684 novo
360 1657 477 1694 reperto
494 1652 595 1690 modo,
612 1651 715 1682 dorico
727 1651 870 1692 rhythmo
887 1651 1036 1691 hymnum
1062 1650 1236 1690 adaptarem
1252 1669 1295 1673 ——

266 1715 411 1746 pompam
439 1704 559 1734 victoris
584 1708 755 1733 ornantem.
800 1702 891 1733 Jubis
915 1702 997 1733 enim
1023 1702 1144 1732 innexae
1169 1712 1293 1733 coronae

266 1755 395 1795 exigunt
419 1755 477 1785 hoc
497 1765 514 1784 a
537 1765 586 1784 me
609 1754 745 1784 divinum
770 1754 921 1791 debitum,
938 1753 1087 1784 citharam
1105 1757 1138 1783 ut
1154 1763 1293 1783 sonoram

267 1810 454 1846 cantumque
469 1804 613 1835 tibiarum
629 1804 874 1845 hymnorumque
891 1815 1013 1835 carmen
1027 1803 1219 1834 AEnesidami
1233 1803 1294 1833 filio

266 1858 397 1888 adferam
415 1856 639 1887 convenienter.
685 1856 813 1896 Ipsaque
828 1855 896 1886 Pisa
912 1865 1019 1886 canere
1035 1866 1085 1885 me
1097 1854 1197 1897 jubet,
1215 1853 1295 1884 unde

179 1911 253 1940 Evod-
266 1908 368 1939 divina
390 1908 488 1938 venire
513 1908 611 1937 solent
627 1907 763 1937 carmina
778 1906 814 1937 ad
830 1917 892 1944 eos,
914 1926 957 1929 —
980 1906 1090 1947 quibus
1110 1905 1212 1947 justus
1229 1915 1294 1935 cer-

196 1946 232 1967 19'
265 1960 414 1990 taminum
422 1959 517 2000 judex
526 1959 660 1997 AEtolus,
674 1969 840 1999 exsequens
851 1958 993 1988 mandata
1003 1957 1147 1988 Herculis
1157 1956 1294 1996 antiqua,

265 2021 356 2051 super
379 2011 535 2051 palpebras
566 2020 669 2042 comas
700 2010 796 2050 cingit
823 2009 1027 2050 glaucicolore
1057 2009 1163 2040 decore
1193 2008 1292 2038 olivae.

264 2061 366 2095 Quam
391 2061 546 2102 quondam
561 2061 630 2093 Istri
647 2061 683 2091 ab
701 2061 849 2091 umbrosis
873 2061 1010 2091 sontibus
1034 2060 1197 2101 asportavit
1213 2060 1292 2089 Am-

262 2111 478 2153 phitryonides,
494 2116 730 2145 monumentum
746 2112 961 2153 pulcerrimum
976 2111 1209 2151 Olympicorum
1225 2119 1288 2141 cer-
