1439 2437
441 217 673 249 CARMEN
698 216 788 248 VllI.
1092 220 1130 252 97

91 304 249 336 Isthmicae
273 305 412 335 vietorioe
439 303 616 345 praemlum,
633 307 663 333 et
679 302 809 333 Nemeae
826 301 910 344 quod
926 303 1130 333 certaminum

92 356 248 387 victoriam
275 355 402 397 adeptus
428 359 484 386 est.
532 354 566 385 ln
593 353 679 395 cujus
703 353 832 394 gratiam
858 357 888 383 et
905 364 974 395 ego,
991 353 1132 395 quamvis

93 412 222 438 moestus
238 407 352 445 animo,
370 406 508 448 postulor
523 415 646 436 auream
661 405 801 436 invocare
815 403 953 435 Musam.
1001 406 1030 435 A
1047 415 1133 445 mag-

96 459 142 489 nis
158 469 227 489 vero
252 458 387 489 luctibus
413 457 530 488 liberati
547 467 646 497 neque
663 455 693 486 in
711 455 872 486 orbitatem
892 456 1065 487 incidamus
1080 467 1133 487 co-

94 510 257 541 ronarum!
292 521 390 550 neque
414 519 560 540 moerores
584 509 651 538 fove
681 507 795 543 (anime
820 507 897 545 mi)!
927 507 979 538 sed
1002 507 1136 538 dimissis

95 561 255 593 inutilibus
279 561 438 599 aerumnis,
453 561 554 592 dulce
569 559 683 600 aliquid
708 560 737 590 in
755 559 917 601 publicum
934 560 1136 600 proferamus,

93 613 186 643 etiam
204 618 274 654 post
291 613 512 644 calamitatem.
558 610 816 652 Quandoquidem
837 610 936 651 capite
954 610 1137 651 impendens

95 663 219 695 Tantali
246 675 353 695 saxum
382 663 491 704 aliquis
516 663 624 693 avertit
649 674 666 692 a
692 663 782 693 nobis
807 661 894 699 deus,
911 680 954 685 —
978 662 1137 703 ingentem

97 714 231 745 Graeciae
256 715 402 745 laborem.
448 715 490 744 At
519 713 596 744 mihi
628 718 728 744 metus
757 713 897 744 sublatus
921 724 1044 754 gravem
1060 714 1141 744 levat

98 765 350 797 sollicitudinem.
397 765 520 806 Resque
535 775 671 806 praesens
696 765 843 806 quaelibet
867 769 993 806 praestat
1009 776 1140 806 semper.

99 817 254 849 Dolosum
273 818 355 848 euim
383 828 484 848 aevunr
512 817 642 856 (ineerta
666 818 804 856 fortuna)
821 816 1003 847 hominibus
1018 816 1142 858 impen-

102 869 165 908 det,
182 870 352 900 accelerans
368 869 440 900 vitae
465 880 599 899 cursum.
645 868 801 900 Sanabilia
817 873 920 900 tamen
938 872 1012 899 sunt
1029 873 1143 899 morta-

102 920 182 950 libus
200 920 281 950 salva
306 921 446 951 libertate
462 920 557 950 etiam
575 919 635 958 illa,
652 924 832 961 oportetque
850 921 963 950 bonam
982 931 1068 961 spem
1086 919 1144 950 ho-

102 971 219 1002 minem
249 972 359 1002 fovere.
405 972 464 1002 Fas
488 982 558 1002 vero
574 976 631 1009 est,
648 971 679 1001 in
694 972 912 1013 septiportibus
927 971 1045 1002 Thebis
1066 971 1143 1002 edu-

103 1026 207 1053 catum
225 1024 305 1061 (me)
322 1021 449 1063 AEginae
477 1023 663 1064 hymnorum
687 1022 781 1054 decus
797 1034 860 1065 prae
878 1023 971 1063 (aliis)
991 1022 1123 1053 tribuere
1134 1034 1144 1061 3

104 1072 198 1114 patris
216 1072 367 1114 siquidem
395 1073 491 1116 (ejus)
517 1075 652 1115 geminae
675 1076 800 1106 suerunt
816 1074 889 1105 filiae
911 1074 1147 1115 Asopidumque

103 1128 176 1154 natu
187 1123 338 1164 minimae,
349 1125 369 1157 J
372 1126 482 1167 ovique
492 1126 673 1166 placuerunt
683 1126 758 1167 regi.
803 1125 867 1159 Qui
882 1127 1008 1157 alteram
1021 1125 1149 1166 quidem

111 1175 266 1216 (Theben)
288 1177 369 1218 apud
381 1178 577 1219 pulerifluam
593 1177 722 1209 Dircem
739 1178 1051 1209 curruum-studiosae
1068 1177 1151 1223 urbis

111 1227 272 1257 constituit
291 1228 470 1269 praesidem3
495 1248 538 1252 ——
561 1233 664 1260 tecum
681 1240 752 1260 vero
771 1231 802 1271 (o
814 1229 945 1270 AEgina)
966 1229 998 1260 in
1015 1230 1149 1260 insulam

109 1276 281 1318 OEnopiam
298 1281 442 1310 translata
458 1280 619 1316 dormivit3
644 1280 784 1312 divinum
796 1280 1150 1322 ubipeperistiAEacum

105 1329 292 1370 gravistrepo
315 1332 405 1372 patri,
423 1332 694 1363 honoratissimum
710 1332 789 1363 inter
805 1333 949 1363 mortales
959 1343 968 1370 3
993 1331 1046 1373 qui
1059 1331 1152 1362 etiam

109 1380 235 1412 deorum
253 1381 320 1412 lites
336 1383 460 1415 decidit.
507 1383 604 1426 Cujus
620 1384 746 1425 quidem
762 1384 926 1426 diis-pares
940 1384 1154 1414 excelluerunt

110 1431 176 1470 filii,
195 1438 380 1475 nepotesque
396 1435 534 1466 bellicosi
551 1435 733 1467 fortitudine
749 1436 782 1466 in
800 1446 879 1466 aereo
894 1436 1040 1466 luctuoso
1065 1435 1156 1465 sube-

113 1483 196 1514 undo
213 1485 341 1526 strepitu
357 1486 428 1517 belli
438 1498 448 1525 3
473 1487 687 1528 sapientesque
703 1488 829 1518 fuerunt
844 1486 1074 1528 prudentesque
1090 1486 1157 1517 ani-

116 1544 178 1565 mo.
223 1534 306 1566 Haec
322 1537 414 1568 etiam
425 1531 552 1569 deorum
564 1539 774 1570 meminerunt
789 1539 934 1576 concilia,
948 1539 1044 1579 (exeo
1058 1537 1158 1568 adhuc

111 1588 262 1626 tempore)
286 1585 409 1628 Jupiter
424 1589 547 1630 quando
564 1589 751 1630 illustrisque
773 1589 946 1630 Neptunus
961 1589 999 1620 de
1016 1588 1158 1619 Thetidis

114 1636 344 1668 contendebant
360 1639 487 1681 nuptii5‚
503 1650 631 1671 uxorem
648 1641 815 1672 formosam
833 1652 905 1672 cum
922 1641 1013 1671 vellet
1027 1645 1159 1681 uterque

115 1697 206 1718 suam
223 1698 298 1719 esse.
345 1690 443 1722 Amor
465 1692 547 1723 enim
567 1691 658 1733 (ejus)
676 1693 800 1723 tenebat
816 1693 909 1733 (eos).
955 1692 1017 1723 Sed
1033 1702 1095 1722 non
1113 1690 1161 1732 ip-

119 1749 222 1769 sorum
248 1739 436 1772 immortales
463 1744 658 1784 perfecerunt
684 1742 865 1784 conjugium
882 1743 1011 1774 deorum
1029 1747 1162 1780 mentes,

115 1807 158 1812 —
170 1794 335 1831 postquam
346 1793 468 1824 oracula
479 1794 667 1826 audiverant.
713 1795 804 1825 Dixit
814 1796 898 1826 enim
910 1795 1162 1826 consilio-valens

117 1838 150 1870 in
170 1841 272 1872 medio
297 1843 432 1884 ipsorum
457 1845 606 1877 Themis:
632 1847 723 1877 fatale
751 1858 827 1886 esse,
845 1847 945 1878 filium
973 1847 1066 1878 deum
1083 1858 1164 1888 prae-

113 1893 290 1924 stantiorem
320 1902 404 1935 patre
424 1901 457 1927 ut
470 1898 567 1938 pariat
583 1898 700 1929 marina
715 1899 782 1937 dea,
795 1898 848 1939 qui
865 1904 895 1929 et
908 1898 1039 1929 fulmine
1055 1902 1166 1939 poten·

120 1942 181 1974 tius
196 1945 278 1976 aliud
302 1947 397 1978 telum
422 1949 591 1989 agitaturus
607 1951 645 1981 sit
661 1961 767 1990 manu,
784 1956 816 1981 et
841 1951 972 1981 tridente
988 1949 1116 1988 invicto,
1143 1950 1169 1981 si

126 2003 198 2024 cum
213 1994 290 2026 Jove
318 1997 393 2039 (illa)
420 2002 609 2032 concumbat
636 2006 689 2033 aut
716 2002 804 2033 Jovis
823 2012 893 2032 cum
912 2003 1012 2032 fratre.
1059 2001 1168 2041 Itaque

126 2042 195 2074 haee
215 2048 328 2088 (pergit
344 2049 409 2088 illa)
423 2052 518 2083 missa
534 2053 636 2084 facite.
682 2053 848 2084 Mortalem
866 2058 969 2083 autem
988 2058 1089 2083 torum
1104 2063 1168 2083 sor-

126 2095 182 2127 tita
198 2095 295 2128 filium
312 2099 410 2133 videat
426 2103 625 2135 interemtum
643 2105 734 2143 bello,
752 2105 848 2135 Marti
863 2105 1004 2135 manibus
1023 2104 1169 2142 similem,

126 2147 356 2191 fulguribusque
388 2153 490 2196 vigore
519 2155 646 2196 pedum.
692 2156 767 2187 Mea
794 2156 918 2198 quidem
944 2158 1088 2187 voluntas
1114 2161 1170 2194 est,

213 2209 282 2231 voL.
307 2211 341 2232 11.
594 2214 598 2218 ’
657 2218 676 2236 o

1157 663 1230 686 Dim.
1242 663 1266 685 ‘2-

1189 696 1228 718 ’33-

1167 1241 1238 1265 Diaer.
1250 1241 1273 1263 3.

1183 1277 1222 1297 40.

1178 1810 1250 1833 Diaer.
1261 1810 1286 1832 4.

1195 1845 1235 1866 67.
