1439 2437
484 162 795 195 CARMENIII.
1142 164 1182 192 85

134 256 190 283 unt
196 250 372 282 mortalibus
384 249 771 291 mentibus,reputando,id
780 247 860 289 quod
871 247 902 277 in
910 251 1030 288 promtu
1037 250 1175 287 est‚qua-

132 303 169 334 lis
192 303 286 333 simus
311 306 440 333 naturae.
462 320 507 325 ——
528 301 590 339 Ne,
605 301 708 331 anime
725 300 778 338 mi,
793 299 885 330 vitam
902 299 1108 329 immortalem
1126 299 1171 328 af-

130 353 220 384 fecta.
264 352 325 383 Sed
340 363 433 393 quam
448 352 593 393 perficere
609 351 706 392 possis
727 360 839 381 exerce
862 360 998 390 operam.
1043 349 1076 380 Si
1102 359 1172 380 vcro

131 403 262 444 prudens
278 407 397 434 antrum
416 403 600 434 inhabitaret
615 402 715 433 adhuc
732 402 860 439 Chiron,
878 405 908 430 et
923 400 1046 441 aliquod
1062 400 1087 430 ei
1114 400 1169 431 de-

128 454 326 486 linimentum
344 454 374 485 in
398 455 538 485 animum
567 453 735 494 dulciloqui
763 452 871 493 hymni
898 451 992 482 nostri
1022 451 1168 494 instillare

128 510 270 546 possent;
296 505 400 547 utique
417 505 473 547 ipsi
489 505 714 547 persuaderem,
731 508 764 535 ut
780 509 810 534 et
827 514 910 533 nunc
938 503 1068 533 strenuis
1095 503 1166 534 viris

126 556 278 587 medicum
295 558 446 598 praeberet
461 562 620 588 acutarum
638 557 768 587 febrium
786 561 838 587 aut
863 556 996 597 aliquem
1025 555 1165 585 Latoidae

129 606 309 648 (Apollinis)
338 613 390 639 aut
406 607 498 648 patris
525 607 640 645 (Jovis)
666 607 765 638 filium
793 607 976 638 advocatum
1003 610 1052 647 (ut
1075 616 1168 647 opem

127 660 242 699 ferret).
286 659 389 700 Atque
415 664 481 690 tum
509 659 634 689 navibus
662 658 879 699 proficiscerer,
911 658 1036 689 [onium
1064 668 1170 688 secans

127 721 219 749 mare,
236 711 418 742 Arethusam
434 711 470 741 ad
487 711 616 749 fontem,
627 710 664 741 ad
677 710 840 741 xEtnaeum
856 711 1022 751 hospitem.
1045 729 1088 733 -—
1104 708 1168 742 Qui

127 761 283 803 Syracusis
299 762 428 803 imperat
444 773 495 793 rex
513 763 660 800 clemens,
678 762 796 792 civibus
813 772 876 792 non
902 761 1042 792 invidens
1066 760 1165 798 bonis,

126 813 297 855 hospitibus
313 818 415 844 autem
433 814 627 844 admirandus
652 818 748 854 pater.
792 813 841 843 Ad
865 824 959 854 quem
983 812 1008 842 si
1036 813 1165 843 descen-

126 865 241 903 derem,
258 865 430 906 geminum,
448 865 609 896 sanitatem
628 865 765 896 adferens
781 875 916 902 auream,
932 875 1056 903 munus,
1074 864 1164 905 hym-

126 927 273 958 numque,
298 917 503 947 certaminum
534 916 714 957 Pythiorum
740 916 935 957 splendorem
971 926 1163 955 coronarum,

125 979 198 1009 quas
222 968 319 999 victor
332 968 515 998 Pherenicus
532 970 659 1008 (equus)
676 967 838 1009 reportavit
852 967 943 998 modo
959 966 1096 1006 Cirrhae3
1121 968 1163 998 si-

124 1019 193 1050 dere
209 1019 338 1057 coelesti,
352 1019 470 1059 opinor,
487 1019 676 1060 splendidius
698 1019 724 1049 ei
753 1020 858 1049 lumen
887 1018 1021 1049 venirem
1048 1019 1165 1062 utique,

123 1070 273 1111 profundo
290 1070 364 1100 mari
381 1069 520 1111 trajecto.
544 1090 588 1093 —
611 1070 670 1100 Sed
688 1080 794 1111 preces
810 1070 908 1100 facere
925 1069 1067 1110 equidem
1094 1071 1162 1100 volo

124 1122 231 1161 Matri,
261 1132 353 1162 quam
385 1123 497 1163 puellae
523 1121 618 1163 juxta
649 1133 753 1153 meum
784 1122 968 1152 vestibulum
1002 1132 1062 1153 una
1089 1133 1161 1153 cum

124 1172 207 1203 Pane
217 1173 324 1203 colunt
343 1174 519 1214 frequenter
535 1177 640 1211 noctu,
657 1173 858 1204 venerandam
877 1173 978 1204 deam.
1024 1174 1104 1204 Cum
1128 1178 1163 1204 tu

122 1235 192 1255 vero
208 1224 365 1266 sapientiae
382 1224 550 1265 intelligere
566 1235 760 1263 summam,0
778 1224 885 1263 Hiero,
895 1236 995 1255 veram
1012 1224 1163 1263 didiceris,

122 1275 247 1306 edoctus
264 1276 322 1307 scis
335 1275 432 1314 exiis,
449 1276 502 1316 qui
519 1281 590 1307 ante
608 1287 662 1307 nos
690 1277 851 1307 vixerunt:
877 1287 973 1307 unum
993 1276 1084 1318 juxta
1105 1278 1160 1307 bo-

122 1337 197 1357 num
214 1327 294 1357 mala
306 1326 397 1357 simul
413 1327 538 1367 gemina
553 1327 740 1358 distribuunt
756 1328 938 1358 mortalibus
955 1327 1158 1359 immortales.

120 1379 178 1409 Illa
190 1389 259 1409 vero
277 1390 337 1409 non
364 1384 493 1420 possunt
518 1379 605 1410 stulti
630 1379 773 1410 decenter
799 1379 895 1418 ferre3
918 1379 970 1410 sed
996 1381 1157 1420 (possunt)

120 1429 203 1467 boni,
222 1429 346 1460 meliora
361 1431 414 1471 qui
430 1431 584 1461 obvertere
600 1431 701 1461 solent
716 1436 812 1461 extra.
834 1450 878 1454 -—
899 1430 971 1461 Tibi
981 1436 1083 1462 autem
1095 1443 1157 1463 sors

120 1481 271 1512 felicitatis
288 1481 430 1522 contigit.
476 1482 509 1512 Si
527 1493 618 1523 quem
636 1482 719 1512 enim
744 1481 920 1521 hominum,
948 1493 1050 1523 regem
1078 1488 1157 1514 certe

120 1533 225 1573 populi
240 1532 349 1563 ducem
366 1533 489 1574 respicit
506 1543 618 1573 magna
633 1533 766 1564 fortuna.
810 1533 883 1563 Vita
898 1538 1002 1564 tamen
1029 1534 1157 1564 calami-

121 1583 190 1613 tatis
206 1593 312 1624 expers
328 1594 390 1614 non
407 1584 538 1625 contigit
555 1595 654 1624 neque
670 1584 811 1615 AEacidae
830 1584 931 1623 Peleo,
944 1595 1042 1625 neque
1053 1584 1157 1615 divino

122 1633 259 1664 Cadmo:
282 1635 336 1675 qui
348 1640 452 1666 tamen
464 1636 609 1666 dicuntur
623 1636 795 1666 mortalium
809 1635 986 1666 felicitatem
1000 1647 1155 1668 summam

119 1685 263 1724 tenuisse,
280 1686 395 1727 quique
411 1686 832 1717 aureis-reticulis-redimitas
849 1692 994 1718 canentes
1007 1687 1038 1717 in
1051 1693 1157 1719 monte

120 1736 234 1776 (Pelio)
253 1737 361 1768 Musas
377 1737 654 1778 septiportibusque
671 1737 831 1768 audierunt
846 1738 976 1777 Thebis,
1002 1749 1075 1770 cum
1096 1740 1156 1779 (al-

118 1788 177 1826 ter)
203 1787 406 1827 Harmoniam
432 1788 556 1818 duceret
580 1788 996 1831 magnis-oculis-insignem,
1013 1791 1088 1821 alter
1104 1801 1157 1821 ve-

1188 309 1227 345 En
1247 312 1271 334 3.

1204 345 1257 366 109.

1182 715 1226 739 Str.
1243 719 1266 739 4.

1198 752 1252 773 1534.

1180 1082 1236 1105 An«.
1255 1085 1278 1106 4.

1194 1117 1249 1138 137.

1176 1442 1217 1473 Hp.
1230 1445 1254 1466 4.

1189 1479 1244 1500 150.

117 1849 150 1870 ro
165 1839 258 1870 Nerei
275 1839 433 1881 prudentis
450 1839 565 1871 Thetin
584 1840 677 1870 filiam
701 1840 849 1872 inclitam.
864 1861 908 1864 —
924 1841 966 1872 Et
979 1842 1021 1873 dii
1042 1842 1156 1883 epulati
1171 1855 1216 1878 Str,
1235 1858 1250 1878 5

117 1894 190 1921 sunt
203 1890 284 1931 apud
300 1895 476 1932 utrumqne,
493 1897 523 1921 et
539 1891 663 1922 Saturni
683 1892 759 1923 filios
783 1903 869 1933 reges
893 1893 1035 1925 viderunt
1059 1894 1156 1925 aureis

119 1941 150 1971 in
163 1941 279 1972 thronis
296 1942 408 1983 (epulis
425 1943 615 1983 nuptialibus
632 1943 813 1983 assidentes)
829 1955 1017 1985 muneraque
1030 1956 1157 1986 sponsa-

118 1992 160 2022 lia
174 1998 378 2034 acceperunt3
402 1993 552 2035 Jovisque
566 1994 717 2026 beneficio
731 2007 767 2026 ex
778 1997 929 2037 prioribus
941 1996 1027 2027 malis
1038 2008 1155 2028 recrea-

121 2042 142 2073 ti
159 2042 296 2075 animum
315 2052 486 2076 erexerunt.
532 2047 680 2078 Attamen
698 2049 862 2089 posteriore
879 2053 1015 2090 tempore
1027 2049 1071 2080 illi
1086 2049 1155 2090 qui-

120 2093 189 2125 dem
208 2094 356 2134 (Cadmo)
372 2097 513 2137 gravibus
531 2102 590 2128 tres
612 2098 683 2130 filiae
708 2099 796 2130 malis
823 2100 1015 2132 abstulerunt
1039 2101 1156 2133 laetitiae

1188 1890 1241 1912 165.
