1439 2437
226 1046 274 1068 Str.
286 1049 309 1071 1.

201 1297 309 1321 Ant.10.

206 1553 252 1585 Ep.
267 1557 307 1579 19.

220 1859 268 1881 Str.

327 153 366 188 76
741 157 948 190 NEMEA.

325 238 501 269 stantiorem
526 239 557 270 in
567 244 733 281 posterum.
778 243 887 274 Meum
913 254 983 274 vero
1007 244 1163 284 nunduam
1191 243 1353 275 sustinebit

326 297 378 317 cor
393 288 494 329 impiis
510 290 748 332 Neoptolemum
772 294 901 324 lacerare
916 293 1024 324 verbis.
1070 293 1150 324 Haec
1172 298 1276 324 tamen
1292 298 1353 323 ter-

326 348 385 379 que
409 344 573 381 quaterque
600 343 761 381 revolvere,
788 343 891 385 inopia
915 348 979 382 est;
1012 343 1112 384 pueris
1136 345 1218 375 velut
1240 345 1353 375 blatero

312 398 315 403 ¹
329 390 448 429 (parens
465 390 568 422 itidem
585 393 707 433 repetit)
721 405 740 424 ι»
752 393 839 425 Jovis
859 393 1037 426 Corinthus.

715 625 849 662 NEM.
880 626 975 661 VIII.

462 721 704 761 DINIAE
739 721 948 762 FILIO
979 723 1219 768 MEGAE,

654 838 1024 874 AEGINETAE,

682 938 786 958 STADu
810 939 953 959 CURSORt.

322 1041 344 1081 ‚l
356 1057 487 1079 UVENTA
504 1045 684 1083 veneranda,
702 1057 801 1086 praeco
818 1046 942 1076 Veneris
958 1046 1096 1078 dulcium
1113 1059 1264 1087 amorum,
1280 1059 1350 1089 quae

324 1096 463 1137 virgineis
475 1095 687 1136 juvenumque
704 1093 838 1123 insidens
854 1094 1004 1134 palpebris
1020 1096 1113 1125 alium
1127 1097 1249 1136 quidem
1266 1098 1352 1128 blan-

321 1147 366 1177 dis
386 1145 465 1186 (fati)
485 1145 628 1176 manibus
651 1148 763 1184 gestas,
780 1143 874 1174 alium
899 1154 970 1174 vero
986 1145 1052 1175 aliis
1072 1145 1115 1185 (h.
1138 1146 1244 1183 duris).
1290 1148 1350 1179 Ju-

322 1196 459 1228 cundum
473 1201 576 1226 autem
594 1200 650 1232 est,
667 1195 704 1224 ab
720 1194 948 1234 opportunitate
967 1195 1130 1236 (aspirante
1140 1198 1229 1228 rebus
1240 1199 1352 1229 nostris

322 1250 455 1287 fortuna)
476 1258 536 1278 non
553 1248 739 1277 aberrantem
764 1246 795 1276 in
822 1257 852 1276 re
876 1246 1019 1287 qualibet,
1036 1248 1174 1279 felicibus
1199 1250 1352 1280 amoribus

324 1299 412 1340 potiri
434 1310 533 1339 posse.
558 1316 599 1320 —
623 1297 737 1330 Quales
754 1297 844 1327 etiam
862 1297 949 1328 Jovis
968 1298 1154 1339 AEginaeque
1170 1301 1284 1331 lectum
1293 1301 1352 1331 cir-

323 1350 562 1381 cumvolitarnnt
579 1348 700 1389 Cypriae
717 1349 867 1379 donorum
884 1350 1043 1380 custodes:
1068 1351 1256 1392 effloruitque
1273 1351 1352 1382 filius

325 1401 480 1441 (AEacm),
507 1399 643 1430 OEnonae
667 1410 730 1437 rex,
747 1410 841 1429 manu
858 1404 887 1429 et
911 1401 1045 1431 consiliis
1073 1402 1352 1442 praestantissimus.

322 1452 412 1492 Saepe
428 1462 498 1481 eum
518 1451 606 1481 multi
622 1455 802 1491 optaverunt
826 1450 933 1481 videre.
979 1452 1096 1493 Sponte
1119 1454 1200 1483 enim
1225 1454 1352 1484 heroum

322 1504 408 1533 flores
425 1502 747 1532 circumhabitantium
773 1502 851 1531 ultro
868 1503 1009 1533 volebant
1025 1503 1105 1534 illius
1121 1515 1225 1544 parere
1241 1504 1352 1545 majes-

323 1554 396 1585 tati:
422 1573 462 1577 —
487 1564 557 1584 cum
582 1553 635 1594 qui
655 1553 766 1593 asperis
790 1552 920 1583 Athenis
945 1555 1159 1594 gubernabant
1182 1555 1350 1595 populum3

321 1611 388 1636 tum
407 1605 627 1645 Spartanorum
652 1602 816 1643 Pelopidae.
861 1603 932 1644 Ego
955 1615 1024 1635 vero
1046 1606 1173 1645 supplex
1190 1605 1284 1636 AEaci
1300 1616 1351 1635 ve-

322 1656 453 1686 neranda
468 1666 579 1695 genua,
597 1666 668 1685 cum
693 1655 768 1684 urbe
795 1665 850 1694 pro
865 1665 944 1692 cara,
961 1660 1027 1686 tum
1051 1656 1169 1686 civibus
1186 1667 1239 1697 pro
1255 1656 1351 1694 hisce,

320 1708 449 1746 attingo,
473 1706 600 1735 afferens
628 1704 756 1744 Lydiam
784 1704 905 1734 mitram
932 1715 1039 1734 sonore
1066 1707 1223 1744 variatam,
1245 1706 1351 1737 Diniae

320 1756 488 1798 duplicium
507 1755 673 1786 stadiorum
691 1759 721 1784 et
743 1754 835 1794 patris
859 1755 964 1794 Megae
988 1755 1172 1786 Nemeaeum
1190 1767 1352 1787 ornamen-

320 1814 399 1839 tum.
445 1807 523 1837 Cum
541 1806 597 1836 deo
613 1816 745 1846 namque
768 1805 903 1846 plantata
925 1805 1053 1836 felicitas
1070 1806 1246 1838 hominibus
1261 1808 1352 1838 dura-

252 1863 307 1916 30‘2-
321 1859 407 1890 bilior
423 1864 484 1895 est3
511 1876 553 1881 -—
575 1857 627 1897 qui
646 1857 746 1897 (deus)
763 1856 835 1886 olim
862 1856 954 1886 etiam
971 1855 1115 1896 Cinyram
1139 1858 1224 1888 auxit
1240 1858 1352 1890 divitiis
1402 1890 1404 1896 f

322 1911 437 1941 marina
452 1909 483 1940 in
501 1909 610 1949 Cypro.
656 1907 808 1945 Consisto,
828 1908 909 1947 (etsi)
922 1918 993 1937 sane
1003 1907 1132 1949 pedibus
1145 1909 1310 1948 velocibus,
1321 1915 1352 1941 et

317 1963 477 2004 respirans,
494 1965 657 2000 antequam
680 1958 793 1999 aliquid
820 1957 972 1998 adjiciam.
1018 1958 1100 1989 Nam
1126 1960 1222 1989 multa
1245 1961 1350 1991 multis
1401 1970 1402 1973 ’

317 2015 398 2045 dicta
421 2018 502 2044 sunt.
549 2010 639 2041 Nova
653 2020 723 2040 vero
738 2009 863 2039 inventa
879 2009 993 2040 tradere
1009 2009 1142 2040 examini
1166 2011 1349 2051 exploranda

317 2065 443 2097 omnino
458 2063 663 2106 periculosum
688 2065 751 2093 est:
776 2061 937 2093 obsonium
961 2061 1245 2101 (oblectamentum)
1262 2062 1344 2094 dicta
