1439 2437
187 260 232 284 Str.
248 264 269 285 4,

201 296 255 318 103.

177 567 233 591 Am.
247 570 270 590 4.

202 603 255 624 ll-lv.

186 1292 230 1315 Str.
246 1295 270 1314 5.

208 1328 260 1347 137.

185 1661 239 1681 ΑΠ’.
255 1661 276 1682 5,

209 1694 262 1715 148.

288 171 329 199 82
707 172 914 205 ΝΕΜΕΑ.

285 255 612 288 vans.—Alternantes
627 258 710 289 enim
727 270 779 300 per
791 259 884 297 vices,
897 257 978 289 diem
995 269 1093 290 unum
1107 258 1188 299 apud
1210 261 1325 299 patrem

285 316 388 336 carum
416 306 527 338 Jovem
556 309 685 349 degunt,
710 310 837 340 alterum
867 321 936 340 vero
960 311 1016 340 sub
1041 310 1162 340 latebris
1179 313 1278 347 terrae,
1294 307 1326 338 in

284 357 474 388 convallibus
489 359 673 401 Therapnae,
689 365 768 391 sorte
784 366 905 391 utentes
918 361 1020 392 simili.
1065 360 1224 401 Siquidem
1236 360 1328 391 hanc,

286 420 377 450 quam
395 410 521 440 omnino
544 411 617 441 deus
643 422 708 442 esse
736 412 931 453 habitareque
954 412 986 442 in
1013 412 1105 450 coelo,
1122 411 1214 451 elegit
1230 412 1325 442 vitam

285 460 445 491 interfecto
463 460 572 492 Pollux
587 462 711 493 Castore
728 463 760 493 in
776 464 867 493 bello.
914 463 1011 494 Hunc
1027 463 1110 493 enirn
1122 462 1189 492 Idas
1205 467 1327 503 propter

285 512 378 542 boves
406 513 573 544 admodum
601 514 694 545 iratus
717 514 886 545 vulneravit
909 525 996 545 aereae
1013 514 1108 544 hastae
1125 513 1261 553 cuspide.
1283 532 1328 536 —

288 563 460 604 (Namque)
479 576 496 594 a
511 564 651 605 Taygeto
664 564 1079 606 e-longinquo·conspicatus
1096 563 1170 594 vidit
1185 564 1326 603 Lynceus

288 614 367 654 (Idae
384 616 476 645 frater
494 626 624 656 quercus
642 616 674 646 in
690 621 800 647 trunco
816 616 974 646 sedentem
993 615 1193 655 (Castorem).
1238 615 1326 645 Illius

285 667 369 696 enim
386 666 547 697 hominum
571 668 700 698 omnino
724 667 781 697 fuit
804 667 998 698 acutissimus
1021 666 1114 697 visus.
1160 665 1326 697 velocibus

285 723 387 748 autem
405 718 532 759 pedibus
548 720 651 749 statim
676 724 869 750 accesserunt
885 724 915 749 et
931 723 1017 749 atrox
1032 718 1151 748 facinus
1167 722 1325 759 patrarunt

286 770 433 808 celeriter,
450 769 529 811 passi
545 781 615 800 vero
632 771 723 801 etiam
748 776 820 801 sunt
846 780 936 811 grave
964 770 1079 800 malum
1108 780 1202 800 manu
1225 769 1324 809 Jovis,

286 821 482 861 Apliaretidae
508 821 589 861 (Idas
605 825 635 851 et
650 821 821 861 Lynceus).
865 820 952 851 Illico
975 820 1057 850 enim
1083 820 1204 852 advenit
1231 821 1326 852 Ledae

285 873 365 902 filius
384 872 521 909 (Pollux)
546 871 719 912 insequens.
764 871 813 902 Illi
829 882 899 902 vero
915 875 1019 902 contra
1045 875 1205 910 steterunt,
1222 873 1325 913 sepul-

284 935 368 954 crum
387 934 481 964 prope
498 927 678 964 paternum3
703 942 747 946 —
769 923 849 954 unde
866 927 1035 964 correptam
1059 927 1191 954 statuam
1216 923 1326 954 Pluto-

285 975 343 1013 nis,
361 975 492 1016 politum
509 986 630 1009 saxum,
647 973 837 1016 projecerunt
854 974 884 1004 in
902 978 1008 1015 pectus
1026 973 1180 1013 Pollucis3
1205 986 1261 1005 nec
1277 981 1324 1005 ta-

286 1037 355 1056 men
374 1037 443 1056 eum
469 1026 648 1056 attriverunt
666 1036 763 1067 neque
786 1030 1012 1066 represserunt:
1036 1025 1088 1056 sed
1105 1025 1220 1056 irruens
1245 1027 1324 1066 (ille)

279 1077 385 1119 jaculo
402 1077 497 1108 veloci
523 1077 624 1117 adegit
641 1077 756 1118 Lyncei
781 1078 812 1107 in
839 1078 932 1108 latera
956 1088 1009 1108 aes.
1055 1076 1180 1118 Jupiter
1201 1088 1271 1108 vero
1294 1078 1325 1108 in

286 1129 372 1159 ldam
406 1128 569 1168 igniferum
604 1129 750 1159 contorsit
781 1129 981 1168 suliginosum
1012 1129 1142 1158 fulmen.
1188 1128 1326 1169 Uterque

286 1190 356 1210 vero
374 1179 530 1220 (Lynceus
546 1184 576 1209 et
594 1179 674 1212 Idas)
693 1180 784 1210 simul
801 1179 953 1209 combusti
969 1184 1052 1217 sunt,
1066 1179 1180 1210 auxilio
1195 1179 1326 1210 destitu-

287 1231 321 1262 ti.
368 1230 499 1261 Exitiale
526 1230 609 1260 enim
638 1235 684 1260 est
709 1230 897 1269 hominibus,
921 1230 1151 1261 contentionem
1177 1230 1329 1272 suscipere

288 1293 358 1312 cum
376 1281 607 1322 potentioribus.
631 1299 674 1304 —
696 1281 807 1311 Statim
826 1292 894 1311 vero
911 1281 947 1312 ad
972 1281 1068 1312 fratris
1084 1282 1174 1312 robur
1192 1283 1328 1321 (fratrem

288 1335 409 1372 fortem,
424 1333 594 1372 Castorem,
604 1335 712 1364 lancea
721 1339 911 1374 percussum)
926 1333 1013 1363 rediit
1025 1333 1213 1373 Tyndarides
1229 1334 1328 1373 (alter,

290 1385 415 1421 Pollux)
433 1390 463 1414 et
476 1396 547 1415 eum
565 1386 703 1416 nondum
722 1390 887 1421 mortuum,
906 1384 956 1414 sed
974 1383 1109 1414 anhelitu
1126 1383 1327 1415 interclusum

288 1437 450 1466 habentem
468 1436 607 1475 spiritum
625 1435 751 1466 invenit.
798 1435 917 1465 Calidas
934 1439 1036 1465 autem
1049 1435 1328 1466 fundenslacrimas

289 1487 368 1517 inter
392 1487 520 1527 suspiria
535 1487 631 1517 altum
649 1487 810 1517 clamavit:
836 1486 925 1517 Pater
940 1486 1092 1521 Saturnie,
1110 1488 1177 1527 quis
1201 1487 1326 1517 tandem

291 1539 359 1569 finis
376 1538 432 1568 erit
448 1539 585 1568 luctuum
600 1540 610 1569 ?
635 1539 725 1568 etiam
745 1538 819 1568 mihi
837 1543 966 1569 mortem
983 1548 1053 1568 cum
1070 1538 1165 1568 hocce
1181 1538 1328 1577 immitte,

290 1602 308 1621 ο
321 1590 394 1621 deus
408 1589 413 1620 l
442 1589 521 1620 Perit
538 1590 644 1628 honor,
661 1589 766 1620 amicis
782 1591 897 1627 orbato,
911 1589 992 1626 viro;
1010 1589 1200 1629 pauciquein
1212 1600 1326 1620 aerum-

292 1653 331 1672 na
347 1642 388 1672 ita
405 1641 455 1671 fidi
474 1642 658 1679 mortalium,
675 1661 719 1664 —
735 1646 768 1671 ut
785 1642 815 1671 in
834 1640 1016 1672 calamitatis
1031 1641 1208 1670 societatem
1225 1640 1326 1670 venire

292 1704 353 1723 non
371 1698 522 1723 recusent.
567 1693 620 1723 Sic
636 1693 726 1723 dixit.
770 1693 893 1733 Jupiter
905 1703 975 1722 vero
987 1692 1118 1723 occurrit
1133 1692 1172 1730 ei,
1187 1696 1217 1721 et
1233 1691 1329 1722 hocce

290 1745 398 1775 effatus
415 1749 459 1774 est
475 1744 632 1774 oraculum
647 1756 654 1774 2
678 1744 730 1774 Tu
746 1755 777 1774 es
795 1754 880 1774 meus
894 1743 975 1773 filius
989 1756 994 1773 :
1014 1743 1098 1774 hunc
1113 1753 1182 1773 vero
1200 1742 1325 1781 (Casto-

289 1798 368 1832 rem)
386 1800 490 1835 postea
509 1794 632 1824 maritus
650 1794 870 1835 (Tyndareus),
888 1805 992 1824 semen
1017 1794 1154 1831 mortale,
1172 1804 1242 1824 cum
1259 1804 1325 1823 ma-

289 1851 333 1877 tre
350 1851 401 1877 tua
416 1856 595 1885 congressus
618 1847 648 1882 ᾗ,
669 1845 792 1875 stillavit
812 1845 945 1885 (genuit)
965 1845 1061 1875 heros.
1108 1844 1169 1874 Sed
1183 1855 1251 1884 age,
1266 1844 1324 1874 ho-

290 1908 358 1927 rum
387 1897 439 1926 tibi
469 1902 572 1926 tamen
601 1896 758 1936 optionem
789 1897 891 1926 trado:
925 1896 957 1926 Si
981 1896 1104 1936 quidem
1134 1900 1324 1936 mortemque

291 1948 439 1987 effugiens
456 1952 484 1977 et
500 1952 689 1977 senectutem
714 1947 862 1984 odiosam,
879 1947 944 1987 ipse
967 1947 1104 1987 Olympo
1129 1947 1173 1976 vis
1190 1946 1324 1977 habitare

293 2010 415 2029 mecum
441 2009 575 2039 cumque
594 1998 736 2028 Minerva
760 2003 790 2029 et
807 1997 1182 2038 atram-gerente-hastam
1201 1997 1322 2035 Mmteg

324 2073 337 2086 ⁰
354 2074 458 2102 Jungnm
471 2074 579 2103 equidm
591 2084 595 2096 :
609 2073 696 2107 στὲςμα
709 2074 910 2102 πι>,έσαιις,ςθηιειὶ
924 2075 1021 2098 mortale
1034 2078 1078 2096 tum
1090 2073 1155 2096 matri
1169 2072 1276 2095 afferens.
1295 2073 1325 2095 cf,

298 2114 339 2136 hac
353 2115 401 2145 ipsa
421 2115 473 2137 oda
488 2123 507 2137 r.
526 2116 562 2137 30.
581 2115 612 2137 k.
