1439 2437
197 370 239 399 rep.
252 371 274 392 3.

219 403 258 425 93.
289 419 296 426 .

196 741 242 762 Str.
253 742 276 762 4·

205 774 259 795 106.

189 1035 244 1056 Ant.
255 1037 277 1057 4.

208 1069 259 1090 117.

195 1293 240 1321 Fp.
253 1296 276 1315 4.

206 1328 259 1349 123,

187 1597 234 1619 Sur.
249 1599 270 1619 5-

203 1632 256 1652 141.

179 1855 196 1877 Λ
210 1861 234 1877 rt.
247 1859 268 1879 5.

192 2117 233 2146 Ep.
246 2119 268 2140 5.

201 2151 252 2172 103.

293 234 330 261 Μ·
688 231 953 261 OLYMPIA.

287 327 354 346 vam
372 315 517 346 inducens
534 317 644 346 nubem
671 316 826 357 copiosum
852 316 929 356 pluit
952 326 1060 346 aurum
1084 316 1222 358 Jupiter:
1248 317 1311 358 ipsa

289 379 357 398 vero
372 368 463 398 caesia
481 368 645 407 (Minerva)
663 367 828 404 dedituris,
845 367 974 398 artificio
989 386 1028 390 —
1051 368 1136 397 omni
1164 372 1309 398 terrarum

287 419 402 449 meolas
418 418 701 449 affabre-industriis
717 418 857 448 manibus
872 418 1001 448 vincere.
1024 417 1045 448 J
1048 429 1094 448 am
1107 428 1196 458 opera
1207 419 1310 449 viven-

287 469 369 500 tibus
385 474 414 500 et
429 469 634 509 gradientibus
650 469 759 500 similia
774 468 831 498 viae
847 469 994 506 ferebant,
1012 473 1132 509 eratque
1148 470 1243 509 gloria
1259 471 1309 500 in-

287 530 372 560 gens.
417 520 554 560 Sapienti
563 525 665 551 autem
680 519 826 561 sapientia.
837 519 929 549 etiam
942 519 1037 560 major
1049 519 1113 549 sine
1123 521 1226 551 fraude
1236 532 1310 551 con-

288 572 390 612 tingit.
434 572 532 602 Aiunt
548 577 649 603 autem
667 571 827 602 hominum
845 571 963 611 antiqui
979 582 1144 608 sermones,
1161 572 1312 610 nondum,

288 623 362 653 dum
380 627 486 652 terram
504 623 710 662 partiebantur
723 621 744 653 J
749 622 905 662 upiterque
920 626 950 650 et
969 621 1168 659 immortales,
1185 623 1216 652 in
1238 634 1312 653 con-

288 678 428 715 spectum
441 673 585 713 prodiisse
599 674 629 704 in
647 673 721 704 mari
737 673 798 702 alto
816 672 971 710 Rhodum,
988 673 1038 702 scd
1056 672 1139 702 salsis
1155 673 1186 703 in
1200 674 1313 713 abyssis

288 725 420 755 insulam
437 724 572 755 latuisse.
591 723 784 754 ——Absentis
798 728 898 752 autem
914 733 1004 752 nemo
1014 724 1178 763 protulerat
1194 729 1307 755 sortem

289 776 380 813 Solis,
397 779 427 805 et
451 775 567 816 utique.
580 787 649 806 eum
676 780 762 805 terrae
794 778 944 804 exsortem
973 774 1167 814 reliquerant,
1196 782 1313 806 castum

289 826 397 856 deum:
409 826 531 867 Jupiter
540 832 641 857 autem
652 825 823 856 admonitus
834 825 870 854 ab
882 825 931 854 illo
941 825 1127 855 sortitionem
1138 825 1162 866 ej
1169 837 1203 856 us
1211 837 1317 856 caussa

289 877 385 907 voluit
401 881 577 916 retractare3
601 877 651 907 sed
680 877 758 916 (Sol)
786 876 816 905 id
844 875 907 905 fieri
937 887 997 906 non
1024 877 1185 908 concessit.
1230 877 1313 907 Nam

289 938 376 965 cano,
393 928 502 968 inquit,
519 928 582 968 ipse
598 928 685 958 video
704 927 734 956 in
763 928 836 956 mari
868 928 1056 957 attollentem
1086 939 1149 958 sese
1177 929 1315 959 funditus

289 983 397 1009 terram
416 980 579 1008 multorum
595 979 754 1008 hominum
772 978 905 1007 altricem
924 984 954 1008 et
966 979 1076 1008 almam
1089 980 1258 1019 pecoribus.
1276 999 1315 1002 *w

289 1028 387 1059 Jussit
411 1033 512 1059 autem
537 1028 639 1058 statim
673 1039 762 1058 aureo
796 1028 968 1058 redimitam
1002 1030 1129 1059 reticulo
1163 1031 1315 1061 Lachesin

290 1090 399 1110 manus
414 1079 586 1116 extendere,
602 1079 786 1119 deorumque
803 1078 1004 1109 sactissimum
1017 1079 1226 1120 juramentum
1253 1093 1315 1111 non

289 1141 436 1169 recusare,
454 1130 505 1160 sed
522 1130 646 1161 Saturni
662 1142 732 1161 cum
751 1131 813 1161 filio
829 1131 978 1161 adnuere:
1003 1131 1140 1162 lucidum
1156 1132 1186 1162 in
1215 1137 1316 1163 aerem

289 1183 429 1213 emissam
448 1182 534 1212 istam
553 1182 607 1212 sibi
624 1182 654 1212 in
671 1187 824 1223 posterum
842 1186 953 1212 sortem
964 1182 1038 1212 fore.
1084 1183 1185 1223 Atque
1199 1184 1316 1214 exitum

287 1233 395 1263 habuit
406 1232 602 1274 jurisjurandi
618 1244 737 1263 summa
748 1244 814 1263 vere
825 1234 976 1263 eveniens.
1021 1233 1122 1263 Enata
1135 1240 1180 1264 est
1194 1245 1230 1264 cx
1243 1234 1317 1264 mari

287 1284 414 1314 humido
428 1303 472 1307 —-
488 1284 596 1321 insula,
613 1289 757 1324 tenetque
773 1283 868 1324 ipsam
886 1289 1043 1314 acutorum
1073 1285 1214 1324 genitalis
1238 1285 1316 1315 radi-

287 1346 373 1366 orum
398 1342 493 1376 pater,
518 1336 621 1376 ignem
656 1334 835 1376 spirantium
868 1334 931 1364 dux
962 1344 1121 1374 equorum.
1166 1335 1212 1365 lbi
1245 1346 1318 1366 cum

286 1386 398 1418 Rhodo
421 1387 554 1427 nympha
579 1396 780 1416 consuescens
804 1385 911 1425 genuit
938 1389 1053 1425 septem
1081 1385 1313 1426 sapientissimis

286 1437 419 1468 consiliis
436 1437 586 1478 majorum
602 1436 747 1466 memoria
757 1437 852 1466 claros
868 1435 956 1473 filios,
972 1446 1101 1476 quorum
1119 1446 1198 1466 unus
1213 1435 1317 1466 Cami-

283 1499 350 1519 rum
370 1493 502 1529 natuque
520 1488 688 1518 maximum
711 1487 850 1527 Jalysum
876 1485 984 1526 genuit
1008 1490 1037 1516 et
1052 1486 1209 1516 Lindum.
1254 1486 1317 1519 Qui

284 1539 398 1579 singuli
415 1538 576 1579 separatim
593 1538 737 1568 tenebant
754 1542 861 1568 terram
878 1536 1020 1567 trifariam
1039 1536 1196 1577 dispertiti,
1214 1541 1315 1577 pater-

284 1600 354 1619 nam
373 1590 492 1620 urbium
510 1594 632 1627 sortem,
649 1592 792 1628 erantque
808 1588 857 1618 hae
874 1598 977 1617 eorum
994 1587 1089 1617 sedes.
1105 1607 1149 1610 —
1165 1587 1211 1617 Ibi
1233 1598 1311 1627 prae-

285 1640 380 1670 mium
399 1639 579 1670 calamitatis
593 1637 952 1679 miserandaejucundum
968 1637 1149 1678 Tlepolemo
1160 1637 1310 1668 constitu-

283 1695 348 1720 tum
366 1697 411 1721 est
426 1691 655 1731 Tirynthiorum
684 1690 767 1728 duci,
785 1695 930 1730 tanquam
946 1689 1013 1727 deo,
1030 1700 1235 1730 pecorumque
1258 1689 1307 1719 ni-

282 1742 389 1773 dorosa
404 1753 527 1784 pompa,
543 1747 573 1772 et
583 1741 737 1783 judicium
753 1742 791 1772 de
807 1740 1034 1772 certaminibus.
1073 1740 1214 1772 Quorum
1228 1739 1310 1770 flori-

281 1793 337 1824 bus
353 1793 502 1834 Diagoras
516 1798 676 1824 coronatus
693 1797 737 1823 est
752 1793 808 1830 bis,
827 1791 998 1831 celebrique
1015 1791 1046 1821 in
1058 1790 1182 1821 Isthmo
1203 1795 1311 1831 quater

281 1846 388 1883 victor,
406 1845 594 1886 Nemeaequc
608 1845 731 1885 saepius,
742 1850 772 1874 et
783 1844 893 1884 asperis
910 1841 1041 1872 Athenis
1055 1854 1062 1879 3
1088 1861 1124 1865 ’-
1143 1842 1310 1881 Argivum-

231 1892 253 1911 ⁰⁶
281 1908 340 1938 que
356 1908 397 1928 aes
415 1898 551 1935 (scutum
570 1896 703 1935 aeneum)
728 1895 812 1925 novit
834 1905 917 1930 enm,
942 1893 1144 1932 Arcadiaeque
1171 1897 1202 1922 et
1223 1891 1308 1922 The-

281 1946 386 1976 barum
402 1946 577 1983 certamhra,
594 1944 716 1984 ludique
726 1944 855 1984 legitimi
866 1941 1003 1978 Boeoti13
1028 1941 1143 1981 AEgiua
1170 1940 1309 1970 Pellena-

281 2007 339 2037 que
352 1996 495 2027 victorem
511 1996 625 2033 sexies;
651 1995 845 2035 Megarisque
857 1993 936 2024 idem
948 1992 1075 2032 lapideae
1090 1993 1245 2022 columnae
1257 1992 1306 2022 in-

281 2047 410 2088 scriptus
426 2052 471 2077 est
488 2048 605 2078 titulus.
651 2047 694 2076 At
709 2046 832 2086 Jupiter
849 2044 945 2081 Pater,
964 2044 994 2074 in
1008 2042 1092 2083 jugis
1105 2043 1241 2083 Atabyrii
1252 2042 1308 2073 do-

281 2097 412 2136 minans,
430 2098 543 2128 honora
558 2098 720 2138 hymnum,
743 2095 1004 2136 Olympicumque
1030 2094 1174 2124 victorem
1195 2113 1228 2116 „-
1249 2104 1307 2133 pu—

280 2149 374 2190 gilatu
392 2149 510 2180 virtutis
527 2149 617 2180 decus
634 2153 756 2179 nactum
765 2159 775 2186 3
799 2147 895 2187 daque
912 2146 937 2177 ei
955 2145 1153 2176 venerandam
1180 2144 1309 2186 gratiam
