1439 2437
464 210 526 239 CA
540 206 694 238 RMEN
718 207 810 238 XIII.
1123 206 1162 234 23

118 294 211 325 trium
223 298 339 325 certum
358 294 395 326 (Ie
405 305 436 326 rc
446 296 548 326 futura
557 295 673 326 invenit
682 293 829 325 divinitus
841 305 851 331 3
873 292 966 323 sedin
977 293 1087 323 futuris
1101 301 1164 322 cae-

119 345 243 376 cutiunt
253 351 380 384 mentes,
394 347 549 387 multaque
559 346 734 376 hominibus
744 350 854 386 praeter
862 344 1040 385 opinionem
1051 342 1164 373 cadunt

122 396 272 427 contraria
287 397 419 437 gaudi03
445 398 537 428 altera
553 408 590 427 ex
608 402 692 438 parte
708 396 761 437 qui
778 396 810 427 in
827 396 969 426 molestas
986 393 1162 425 inciderunt

124 448 280 488 procellas,
298 448 380 478 bono
396 448 515 489 ingenti
541 449 658 479 malum
676 447 758 478 brevi
775 449 989 488 permutarunt
1012 449 1161 486 tempore.

122 517 166 522 -
197 498 255 529 Fili
274 498 452 538 Philanoris,
470 503 550 530 certe
567 504 597 529 et
613 504 676 538 tua,
693 499 775 529 intus
801 498 894 539 (intra
914 497 1055 536 domum)
1081 506 1161 536 pug-
1177 504 1253 533 Epod.

125 550 226 581 nantis
238 560 295 581 ceu
305 551 387 591 galli,
405 555 530 591 paterna
545 550 577 580 in
593 550 696 587 domo,
714 549 844 590 ingloria
858 549 951 579 virtus
966 547 1162 578 emarcuisset
1194 540 1231 561 ¹⁹·

126 601 260 643 pedum3
286 601 343 632 nisi
359 601 478 640 seditio,
495 602 592 632 civem
612 612 683 632 cum
702 601 766 632 cive
780 601 989 638 committens,
1007 598 1120 630 Cnosia
1132 603 1162 628 te

125 653 271 694 privasset
284 653 390 694 patria,
434 653 530 684 Nunc
547 663 618 683 vero
630 652 786 694 Olympiae
800 655 974 689 coronatus,
991 655 1022 681 et
1038 650 1083 680 bis
1101 648 1162 689 Py-

126 704 232 742 thone,
247 704 278 734 in
297 704 489 745 Isthmoquc,
504 703 677 744 Ergoteles‚
695 703 793 734 calida
815 702 1030 744 Nympharum
1055 700 1163 731 balnea

129 755 318 796 (Himeram)
338 756 425 787 effers
443 756 609 796 (celebrem
633 755 744 794 reddis)
763 755 906 786 habitans
925 753 993 794 (ibi)
1010 753 1041 783 in
1059 752 1162 794 patriis

127 817 217 847 agris.

477 1023 679 1059 OLYMP.
709 1023 812 1059 XIII.

164 1115 668 1158 XENOPHONTI
698 1116 1134 1162 CORINTHlo,

347 1227 504 1255 CURSU
526 1226 583 1254 ET
602 1227 951 1260 QUINQUERTIO.

132 1322 561 1373 TER-Olympiis-victricem
586 1331 713 1362 laudans
735 1331 876 1371 domum,
902 1333 1066 1373 benignam
1091 1332 1167 1364 civi·
1181 1340 1228 1363 Str.
1249 1343 1270 1363 ι.

132 1385 199 1422 bus,
223 1383 422 1424 hospitesque
450 1383 613 1420 colentem,
637 1383 796 1413 celebrabo
824 1384 944 1415 beatam
971 1384 1167 1423 Corinthum,

135 1435 258 1466 Isthmii
276 1433 461 1464 vestibulum
478 1432 810 1474 Neptuni,juvenibus
833 1435 1004 1466 florentem.
1050 1436 1087 1466 In
1112 1436 1168 1466 hac

134 1487 217 1517 enim
230 1485 388 1516 Eunomia
402 1484 529 1523 habitat,
546 1496 734 1526 sororesque,
751 1485 891 1524 Justitia,
910 1487 1030 1517 urbium
1043 1487 1167 1518 firmum

133 1535 382 1572 fundamentum,
407 1538 437 1563 et
467 1545 594 1565 concors
623 1534 701 1571 Pax,
727 1534 960 1575 dispensatriees
990 1536 1168 1567 hominibus

134 1587 319 1623 divitiarum,
335 1596 434 1616 aureae
450 1585 523 1616 filiae
547 1586 831 1616 bene-consulentis
847 1586 1019 1618 Themidis.
1035 1607 1078 1610 —
1095 1588 1167 1618 Stu-
1182 1596 1237 1619 Am.
1250 1598 1288 1619 12³.

135 1639 209 1669 dent
225 1642 326 1667 autem
341 1647 440 1667 arcere
457 1635 654 1667 Insolentiam
673 1637 799 1668 Fastidii
816 1642 942 1668 matrem
960 1638 1168 1670 verbis-auda-

135 1700 214 1719 cem.
254 1688 366 1718 Habeo
374 1692 405 1718 et
416 1687 560 1728 praeclara
569 1687 661 1728 loqui,
672 1692 702 1718 et
711 1688 835 1718 audacia
849 1689 922 1719 mihi
937 1696 1019 1720 recta
1030 1690 1169 1731 linguam

136 1739 243 1770 incitat
253 1738 290 1769 ad
300 1738 475 1768 dicendum.
499 1737 635 1768 Difficile
647 1749 716 1769 vero
732 1744 778 1770 est
791 1740 886 1771 celare
896 1740 1050 1781 ingenitos
1062 1752 1170 1772 mores.

135 1789 232 1820 Vobis
248 1789 351 1830 igitur,
369 1789 438 1820 Filii
455 1790 566 1827 Aletae‚
586 1789 763 1830 (Corinthii)
783 1802 876 1832 saepe,
893 1796 959 1822 tum
976 1792 1169 1823 victoriarum

135 1840 231 1871 decus
244 1841 442 1881 praebuerunt
457 1851 576 1879 eorum,
592 1842 642 1881 qui
666 1842 797 1873 summis
814 1843 976 1874 virtutibus
991 1849 1172 1885 superarunt

136 1892 227 1923 sacris
243 1892 274 1922 in
291 1893 522 1930 certaminibus,
538 1897 604 1922 turn
619 1893 729 1923 multas
746 1894 777 1924 in
799 1895 889 1925 corda
907 1895 1100 1926 immiserunt
1127 1914 1171 1918 —
1185 1907 1261 1939 El‘ffll·
1275 1910 1313 1932 23.

138 1943 300 1974 hominum
317 1943 457 1984 antiquas
473 1948 550 1974 artes
568 1943 665 1974 Horae
676 1946 954 1977 multum-floridae.
999 1946 1104 1976 Omne
1121 1957 1170 1977 ve-

140 2005 174 2025 ro
187 1995 352 2026 inventoris
368 2006 446 2035 opus
456 2000 500 2025 est
520 1996 596 2035 (tota
611 1996 728 2026 inventi
739 1997 803 2027 laus
819 1997 847 2028 ei
863 1997 1016 2036 debetur).
1054 1996 1173 2028 Bacchi

140 2045 222 2076 unde
240 2046 309 2085 (nisi
326 2057 343 2076 a
359 2045 537 2082 Corinthiis)
550 2046 726 2087 prodierunt
742 2048 849 2088 hymni
865 2059 937 2079 cum
954 2048 1172 2089 Dithyrambo,

142 2096 289 2134 (victoriae
300 2097 479 2138 praemium)
491 2099 600 2129 bovem
610 2098 742 2130 ducente
755 2100 765 2130 ?
790 2099 869 2133 Quis
880 2111 949 2131 vero
959 2100 1108 2141 equestria
1121 2112 1173 2142 per

140 2148 352 2187 instrumenta,
369 2159 516 2190 equorum
528 2150 756 2182 moderamina?
782 2156 834 2182 aut
851 2151 881 2182 in
898 2151 1023 2183 deorum
1038 2151 1171 2193 templiS,
