1439 2437
452 195 765 227 CARMENVI.
1087 198 1127 233 47

492 370 732 407 ΡΥΤΙΙ.Ὴ.

94 463 534 505 ΧΕΝΟΟΒΑΤΙ
568 462 1128 510 AGRIGENTlNo,

518 574 698 603 CURRU.

98 672 251 714 Annrm.
283 674 399 716 Utique
408 675 490 706 enim
502 675 882 716 paetos-oculos-habentis
891 674 1018 706 Veneris
1027 686 1132 706 arvum
1147 689 1193 712 su.
1212 692 1234 712 ι,

96 732 318 768 Charitumque
335 737 455 757 aramus
475 728 611 767 (carmen
622 727 791 768 paramus),
803 726 851 764 ad,
863 726 1050 757 umbilicum
1062 726 1133 757 lior-

97 785 209 816 risonae
225 785 323 817 terrae,
340 779 492 819 templum
510 778 702 816 accedentes,
718 778 755 808 de
773 777 910 819 Pythicis
925 778 1060 809 victoriis
1083 778 1135 809 ubi

99 834 242 866 felicibus
260 829 456 862 Emmenidis
472 830 645 871 fluvialique
661 830 833 871 Agrigento
860 835 952 872 atquc
977 830 1052 861 adeo
1067 830 1134 861 Xe-

98 885 216 918 nocrati
226 886 347 925 paratus
356 881 540 921 hymnorum
555 883 690 923 (propter
697 882 834 913 victorias
845 882 1000 923 Pythicas)
1011 883 1136 914 thesau-

100 948 150 969 rus
165 936 197 967 in
213 934 305 966 divite
323 933 487 973 Apollineo
503 938 670 964 asservatur
685 933 768 971 luco,
784 953 828 957 —
843 945 935 974 quem
964 945 1064 975 neque
1087 934 1136 965 hi-
1152 941 1207 963 Ant.
1217 942 1254 963 10.

100 990 211 1019 bernus
224 985 321 1016 imber
334 994 404 1014 cum
420 983 539 1024 impetu
555 984 682 1021 irruens,
700 983 865 1015 horrisonae
883 985 974 1015 nubis
984 985 1136 1015 exercitus

101 1038 241 1075 immitis,
257 1045 356 1076 neque
378 1039 485 1065 ventus
511 1035 542 1065 in
567 1045 702 1066 recessus
730 1035 821 1066 maris
847 1035 957 1076 rapiat,
983 1041 1135 1066 convecto

101 1090 235 1130 undique
251 1089 281 1128 (a
296 1086 451 1125 fluctibus)
469 1086 575 1116 sabulo
591 1086 716 1117 illisum.
760 1087 804 1116 At
829 1087 890 1124 ille,
917 1088 989 1117 luce
1013 1087 1136 1117 vultum

102 1143 133 1173 in
151 1139 280 1172 candida
298 1138 340 1179 (b.
354 1149 381 1168 e.
407 1138 684 1169 vultus-serenante
707 1149 779 1169 cum
797 1138 940 1178 laetitia),
968 1138 1045 1179 patri
1072 1143 1136 1176 tuo,

101 1190 301 1232 Thrasybule‚
317 1199 578 1230 communemque
594 1189 696 1229 generi
722 1194 789 1227 tuo,
806 1189 999 1220 sermonibus
1022 1194 1137 1219 morta-

102 1245 178 1274 lium
197 1241 344 1279 inclitam,
356 1240 491 1271 curulem
502 1239 671 1271 Victoriam
683 1240 805 1271 Crisaeis
818 1240 849 1270 in
865 1239 1004 1278 vallibus,
1015 1250 1138 1270 annun-

102 1294 202 1326 tiabit.
223 1311 268 1316 —
288 1290 340 1322 Tu
355 1291 462 1332 utique
479 1302 545 1322 eam
564 1291 750 1331 (victoriam)
767 1291 873 1322 dextre
897 1301 992 1321 manu
1020 1296 1139 1330 tenens,
1154 1301 1202 1324 sir.
1215 1303 1238 1323 ⁴2.

103 1349 221 1377 rectum
236 1342 310 1374 colis
320 1347 523 1384 praeceptum,
538 1343 621 1384 quod
636 1344 711 1374 olim
723 1343 755 1374 in
766 1343 922 1374 montibus
934 1343 1020 1374 aiunt
1032 1342 1138 1383 Phily-
1172 1334 1208 1357 ¹⁹·

103 1408 144 1428 rae
161 1396 260 1426 filiurn
273 1393 343 1424 forti
363 1395 392 1434 (a
409 1394 598 1435 parentibus)
615 1399 734 1425 semoto
752 1394 866 1425 Pelidae
884 1394 1116 1425 commendasse
1130 1405 1138 1424 :

104 1453 138 1479 ut
152 1446 307 1489 praecipue
324 1444 448 1486 quidem
463 1444 541 1476 inter
564 1445 638 1476 deos
664 1445 790 1476 Saturni
816 1445 914 1476 filiurn
942 1445 1137 1487 gravisonum

104 1500 263 1539 fulgurum
279 1497 509 1538 fulminumque
525 1503 674 1529 rectorem
691 1498 804 1528 coleret
817 1509 827 1536 3
851 1497 958 1528 eodem
969 1508 1038 1528 vero
1048 1497 1139 1527 etiam

106 1551 219 1580 honore
235 1552 396 1589 parentum
414 1548 507 1579 vitam
525 1549 789 1580 fatis-concessam
815 1558 974 1590 nunquam
1000 1549 1141 1590 privaret.

105 1620 149 1624 —
164 1600 236 1630 Fuit
249 1604 280 1629 et
295 1604 384 1630 antea
409 1599 594 1631 Antilochus
618 1600 704 1631 fortis
722 1604 824 1631 mente
841 1601 898 1631 hac
914 1600 1071 1641 praeditus,
1088 1600 1142 1641 qui
1158 1609 1214 1632 Ant.
1236 1611 1260 1632 ιε.

105 1650 254 1682 occubuit
268 1660 321 1690 pro
331 1655 427 1691 patre,
440 1650 628 1683 homicidam
641 1662 739 1692 quum
756 1651 949 1682 sustinuisset
962 1651 1073 1682 ducem
1087 1662 1141 1682 ex-
1172 1643 1211 1665 ‘²3'

106 1701 219 1732 ercitus
244 1700 432 1741 AEthiopum
460 1701 676 1732 Memnonem.
721 1702 908 1733 Nestoreum
935 1702 1019 1733 euim
1046 1713 1141 1744 equus

106 1763 230 1783 currum
240 1753 448 1783 remorabatur
460 1752 574 1784 Paridis
588 1764 605 1784 a
613 1754 681 1784 telis
692 1754 812 1786 saucius
823 1766 832 1793 ;
857 1759 887 1785 at
896 1755 946 1785 ille
957 1754 1140 1795 (Memnon)

107 1803 294 1835 immittebat
309 1804 441 1835 validam
458 1805 588 1837 hastam.
632 1805 714 1837 Tum
733 1807 882 1837 Messenii
901 1807 981 1838 senis
1005 1807 1143 1848 perculsa

107 1865 194 1886 mens
210 1854 385 1886 inclamavit
401 1856 498 1887 filium
515 1868 619 1890 suum.
641 1877 686 1881 ———
709 1857 822 1899 Neque
839 1869 909 1889 vero
931 1858 1049 1889 irritum
1074 1868 1141 1889 ver·
1156 1873 1203 1896 Str,
1219 1874 1242 1895 5.

107 1906 180 1936 bum
197 1906 306 1937 emisit.
352 1906 414 1937 Sed
431 1912 514 1938 stans
531 1908 686 1947 (adversus
712 1909 849 1947 hostem)
877 1909 999 1940 divinus
1023 1909 1073 1939 ille
1097 1908 1142 1940 vir
1173 1908 1212 1929 37.

109 1956 322 1996 (Antilochus)
339 1958 467 1989 redemit
484 1964 581 1990 morte
598 1960 691 1991 vitam
708 1961 812 2002 patris,
829 1961 972 2002 visusque
989 1964 1034 1991 est
1059 1959 1140 2001 apud

111 2006 236 2048 majores
251 2008 331 2040 inter
343 2009 562 2049 adolescentes,
576 2011 711 2043 facinore
724 2011 844 2052 ingenti
858 2015 1041 2053 perpetrato,
1055 2021 1141 2042 sum-

111 2068 180 2088 mus
195 2069 258 2089 esse
273 2060 386 2100 pietate
402 2071 472 2101 erga
485 2066 636 2102 parentes.
683 2063 786 2103 Atque
796 2063 864 2093 haec
875 2062 1000 2104 quidem
1015 2063 1047 2093 in
1059 2073 1139 2104 prae-

110 2108 204 2141 teritis
220 2115 300 2142 sunt.
331 2110 415 2144 Inter
430 2116 547 2144 nostros
564 2124 634 2145 vero
650 2114 742 2146 etiam
757 2110 968 2155 Thrasybulus
981 2118 1139 2156 paternam
