1439 2437
314 124 363 174 78*
732 133 938 166 NEMEA.

719 423 848 459 NEM.
876 423 944 458 IX.

535 521 851 561 CHROMIO
880 520 1156 566 AETNAE0‚
1198 532 1199 535 ’

747 639 926 668 CURRU.

220 750 312 772 numu-
327 742 485 780 Pomm
510 758 580 778 cum
606 751 698 777 cantu
722 746 870 777 ducemus
886 747 923 776 ab
940 745 1083 786 Apolline
1099 757 1115 776 e
1131 745 1264 787 Sicyone
1289 756 1358 787 pro-

229 790 267 805 eas
282 784 304 805 1.
326 797 411 836 fecti,
427 807 445 826 o
462 796 577 834 Musae,
589 795 868 826 recens-conditam
883 795 915 825 in
932 794 1072 833 AEtnam,
1089 795 1142 825 ubi
1157 800 1271 836 apertae
1289 795 1359 826 hos-

326 849 442 890 pitibus
458 848 496 878 ad
520 847 688 887 ingressum
706 850 813 887 patent
833 850 941 886 portae,
958 847 1077 876 beatam
1103 846 1134 876 in
1151 846 1290 876 Chromii
1306 846 1361 876 do-

328 911 427 931 mum.
471 899 514 928 At
536 898 708 929 carminum
733 897 855 927 dulcem
872 897 1023 937 hymnum
1040 897 1144 927 texite.
1176 896 1362 938 Equis—vin-

329 955 416 981 cente
448 949 529 980 enim
563 959 653 979 curru
680 947 837 985 adscenso,
864 947 953 977 matri
988 946 1143 985 (Latonae)
1174 952 1204 977 et
1234 948 1367 988 geminis

328 1001 429 1033 liberis
445 1000 511 1042 ejus
527 1005 654 1030 cantum
671 999 842 1037 denuntiat,
862 998 1012 1039 Pythonis
1029 1000 1159 1029 excelsae
1177 999 1367 1030 consortibus

199 1058 275 1081 Dund.
286 1063 315 1097 fs.
330 1052 563 1094 inspectoribus.
581 1070 623 1074 ——
640 1050 696 1081 Est
713 1061 782 1081 vero
797 1050 949 1091 quoddam
968 1050 1084 1081 dictum
1099 1050 1281 1081 hominum:
1305 1062 1369 1081 rem

330 1159 394 1185 tem
425 1154 568 1185 carminis
596 1153 755 1184 laudatorii
784 1158 894 1184 cantus
917 1157 1150 1183 consentaneus.
1195 1154 1263 1193 Age
1293 1164 1373 1192 vero,

333 1217 473 1236 sonoram
503 1207 663 1244 citharam,
680 1216 747 1246 age,
770 1205 877 1236 tibiam
907 1205 1056 1235 faciamus
1084 1214 1190 1234 sonare
1214 1204 1245 1234 in
1269 1204 1371 1245 ipsum

334 1257 519 1298 equestrium
531 1257 650 1297 apicem
663 1256 878 1294 certaminum,
889 1267 959 1296 quae
978 1255 1098 1286 Phoebo
1109 1254 1242 1285 instituit
1258 1256 1370 1287 Adras-

334 1314 383 1339 tus
399 1308 436 1338 ad
453 1308 547 1349 Asopi
563 1309 685 1338 fluenta.
732 1307 872 1340 Quorum
887 1318 944 1347 ego
962 1306 1117 1336 mentione
1128 1306 1207 1335 facta
1217 1308 1370 1338 exornabo

199 1361 321 1399 DnmL-s.
334 1359 447 1389 inclitis
464 1358 586 1389 heroem
600 1358 784 1390 honoribus:
808 1377 851 1381 —
867 1357 930 1390 Qui
947 1362 1022 1388 tunc
1037 1357 1161 1398 quidem
1173 1369 1303 1398 regnans
1316 1359 1371 1398 ibi,

264 1396 304 1417 ⁴2³.
334 1410 479 1450 novisque
490 1410 573 1440 festis
590 1410 666 1440 etde
682 1411 787 1440 robore
798 1409 929 1439 virorum
942 1408 1161 1439 certaminibus
1172 1409 1370 1450 curribusque
1403 1407 1405 1412 ’
1419 1429 1420 1436 1

332 1461 435 1502 politis
464 1459 761 1491 illustrem-reddidit
777 1460 921 1490 decorans
946 1460 1064 1489 urbem.
1110 1459 1261 1499 Fugiebat
1286 1461 1367 1491 enim

333 1512 618 1553 Amphiaraumque
634 1510 938 1548 audacem-consilio,
949 1514 978 1540 et
989 1520 1111 1550 gravem
1122 1510 1302 1540 seditionem
1314 1522 1369 1552 pa·
1419 1543 1420 1553 ἵ

332 1569 427 1594 ternae
437 1563 507 1593 dom
513 1574 546 1593 us
556 1564 725 1603 Argosque.
756 1562 911 1603 Principes
921 1572 990 1593 vero
1001 1572 1062 1593 non
1076 1562 1206 1603 amplius
1216 1568 1300 1593 erant
1309 1563 1372 1594 Ta·
1419 1559 1420 1564 ¹

334 1615 371 1645 lai
380 1615 445 1652 filii,
456 1614 590 1655 oppressi
600 1614 758 1644 seditione.
783 1613 951 1643 Enimvero
966 1614 1158 1654 praestantior
1176 1615 1305 1653 (mente)
1323 1625 1371 1644 se·-

204 1676 281 1699 numu.
299 1676 322 1697 rr.
335 1666 386 1696 dat
401 1665 486 1695 litem
513 1664 641 1705 priorem
663 1665 724 1702 vir3
756 1664 1180 1705 ——mariti-domitricemque
1191 1664 1371 1706 Eriphylen,

266 1710 291 1731 δ’
299 1724 306 1731 ’
336 1728 391 1747 ceu
403 1716 489 1746 fidele
499 1715 621 1746 soederis
631 1715 754 1755 pignus,
764 1715 870 1745 dantes
881 1714 1370 1756 Oiclidae(Amphiarao)uxorem,

336 1767 566 1798 flavicomorum
589 1766 769 1796 Danaorum
793 1766 865 1796 facti
880 1771 953 1797 sunt
969 1766 1106 1797 maximi.
1151 1767 1193 1797 Et
1214 1768 1370 1808 quondam

293 1108 298 1114 '
330 1104 474 1145 praeclare
491 1107 609 1144 gestam
626 1112 688 1132 non
704 1101 791 1132 humi
807 1102 930 1132 silentio
947 1101 1124 1143 tegendam.
1169 1101 1302 1132 Divinus
1316 1113 1371 1132 au·
1418 1128 1419 1139 ,

337 1818 516 1860 septiportes
527 1818 650 1848 Thebas
665 1817 855 1848 deduxerunt
865 1817 996 1847 virorum
1007 1817 1184 1856 exercitum,
1196 1829 1255 1848 non
1267 1820 1373 1850 faustis
1420 1834 1421 1850 1

340 1870 501 1911 auspiciis;
526 1880 625 1910 neque
642 1869 814 1906 Saturnius,
831 1869 960 1899 fulmine
972 1869 1100 1908 vibrato,
1111 1880 1127 1899 e
1141 1870 1232 1900 domo
1242 1871 1371 1901 furioso—

341 1921 647 1961 impetu-concitatos
666 1921 741 1960 (eos)
760 1919 909 1961 proficisci
920 1919 1024 1960 jussit,
1040 1920 1092 1951 sed
1108 1921 1256 1951 abstinere
1269 1932 1286 1951 a
1302 1933 1370 1963 pro-

219 1986 294 2011 bum„
305 1988 327 2008 5,
341 1972 485 2002 sectione.
505 1990 549 1994 --
570 1971 770 2001 Manifestum
793 1981 862 2001 vcro
878 1971 984 2011 utique
1000 1970 1036 2001 ad
1053 1971 1169 2002 cladem
1193 1973 1371 2013 properabat

276 2021 307 2041 *9-
341 2022 490 2054 exercitus
507 2021 617 2061 venire,
631 2021 715 2053 aereis
731 2033 803 2056 cum
817 2021 906 2054 armis
919 2022 1111 2064 equestrique
1122 2027 1276 2064 apparatu.
1322 2023 1368 2054 Is-
