1439 2437
467 203 701 236 CARMEN
725 203 783 235 IX.
1104 206 1144 233 53

112 296 281 332 stillabunt,
306 292 480 332 facientque
494 301 565 322 eum
589 290 807 326 immortalem,
825 287 936 319 Jovem
953 292 984 319 et
1000 293 1145 321 sanctum

112 347 298 390 Apollinem,
314 343 462 386 gaudium
478 344 660 380 amicorum,
676 345 707 372 et
723 339 900 384 proximum
916 339 1062 371 comitem
1079 339 1145 371 ovi-

111 411 174 437 um,
189 398 375 429 venatorem
391 399 422 426 et
438 394 606 432 Pastorem,
623 393 660 424 ab
676 392 743 423 aliis
758 402 828 422 vero
851 390 1017 423 Aristaeum
1039 392 1145 433 appel-

110 450 249 482 landum.
293 448 345 478 Sic
360 447 483 478 locutus
499 445 657 486 instigavit
680 455 764 483 eum,
782 448 816 475 ut
827 443 1002 486 jucundum
1020 444 1145 485 nuptia-

110 512 178 533 rum
209 500 366 542 perficeret
393 498 522 530 exitum.
545 517 589 521 -
611 496 726 528 Celeris
749 500 854 527 autem
879 500 934 534 cst,
958 495 983 526 si
1005 496 1080 537 quid
1104 495 1147 527 dii
1162 499 1243 529 Ev-S.

110 553 294 590 moliuntur,
316 552 397 583 actio
424 550 542 591 viaeque
571 550 686 580 breves.
732 547 814 580 Illud
844 547 895 578 illa
922 547 987 579 dies
1018 546 1146 589 peregit.
1178 534 1223 556 ²¹⁹

110 605 323 646 Thalamoque
337 603 573 634 concubuerunt
590 601 620 631 in
634 611 725 632 aureo
743 600 862 641 Libyae,
870 609 933 640 quo
946 600 1014 630 loco
1025 599 1147 640 pulcer-

110 657 219 687 rimam
236 656 345 686 urbem
363 654 526 695 (Nympha
546 652 676 693 Cyrene)
695 656 812 682 tutatur
834 650 1036 691 inclitamque
1050 654 1148 681 certa-

112 707 258 738 minibus.
303 706 409 747 Atque
425 715 510 736 nunc
526 703 607 746 apud
624 704 796 746 Pythonem
820 702 955 733 divinam
980 701 1148 733 Carneadae

112 758 192 788 filius
207 756 432 788 florentissimae
449 756 546 796 ipsam
570 755 706 786 admovit
721 755 865 792 fortunae,
882 754 935 784 ubi
958 753 1054 785 victor
1077 763 1148 794 pro-

112 808 207 838 fessus
223 812 268 838 est
285 807 435 848 Cyrenen.
481 807 561 839 Quoe
578 807 680 846 ipsum
697 806 844 835 benevola
860 803 1004 846 excipiet,
1018 805 1147 846 pulcris-

111 858 367 899 fcminis-insigni
392 857 498 900 patriae
521 856 650 898 gloriam
666 856 831 887 amabilem
848 856 1025 887 afferentem
1040 866 1056 885 e
1072 855 1149 886 Del-

113 910 191 952 phis.
214 928 258 933 —-
281 910 409 950 Magnae
433 909 562 940 virtutes
585 918 706 948 semper
721 907 848 948 capiunt
873 906 1010 948 copiosas
1026 908 1148 946 laudes3
1165 916 1252 939 Sin-1.

115 962 145 992 in
164 961 294 1001 copiosis
310 965 414 991 tamen
431 960 476 1000 (in
493 970 606 1001 magna
615 969 714 990 rerum
729 958 925 989 dicendarum
938 959 1039 999 copia)
1055 969 1152 1002 pauca
1183 949 1237 972 '3³‘

113 1012 407 1050 ornate-edisserere,
433 1011 546 1042 auditio
571 1013 683 1052 (grata)
702 1009 904 1051 sapientibus.
928 1010 1153 1052 Opportunitas

114 1067 217 1094 autem
241 1062 380 1093 similiter
404 1063 582 1104 inlquaque
607 1072 638 1092 re
666 1066 752 1092 tenet
776 1072 944 1093 summam.
990 1061 1154 1092 Noverunt

112 1113 276 1155 aliquando
292 1118 323 1144 et
346 1113 477 1152 Iolaum,
494 1124 556 1144 non
573 1118 770 1154 aspernatum
787 1123 853 1143 eam
879 1112 1153 1154 opportunitatem,

113 1165 293 1207 septiportes
313 1165 453 1196 Thebae:
479 1176 583 1206 quem,
601 1164 768 1205 Eurysthei
791 1170 955 1206 postquam
978 1170 1069 1206 caput
1084 1175 1152 1195 am-

114 1220 270 1258 putaverat
283 1216 363 1248 ensis
379 1217 458 1257 acie,
474 1216 677 1248 condiderunt
694 1217 756 1247 ima
778 1217 834 1247 sub
848 1220 926 1248 terra
942 1215 972 1246 in
990 1227 1152 1247 curruum-

113 1267 266 1308 agitatoris
289 1268 523 1310 Amphitryonis
549 1268 707 1308 sepulcr03
733 1267 786 1298 ubi
813 1271 958 1308 paternus
983 1277 1056 1298 avus
1085 1266 1150 1308 ejus

112 1323 244 1350 satorum
270 1319 429 1351 hominum
449 1319 697 1359 (Thebanorum)
715 1319 826 1360 hospes
844 1317 978 1360 jacebat,
995 1329 1090 1359 quum
1114 1318 1152 1349 ad

112 1370 398 1411 equis-albis-tritos
427 1371 633 1403 Cadmeorum
658 1371 891 1412 commigrasset
910 1370 1004 1401 vicos.
1027 1389 1072 1394 --
1094 1370 1152 1402 Pe·
1167 1376 1257 1400 Ant.4.

112 1422 191 1463 perit
203 1434 241 1454 ex
257 1422 323 1465 ejus
339 1423 489 1466 Jovisque
506 1422 699 1465 amplexibus
715 1423 848 1464 prudens
864 1421 957 1453 unico
972 1428 1063 1464 partu
1076 1423 1153 1454 Alc·
1186 1411 1240 1433 ¹4⁸⁴

113 1482 208 1505 menav
219 1475 415 1516 geminorum
433 1475 583 1507 invictum
599 1475 691 1505 robur
706 1474 851 1506 filiorum.
898 1475 1009 1506 Mutus
1027 1474 1077 1505 ille
1101 1475 1153 1505 fu-

113 1525 180 1564 erit,
205 1525 257 1566 qui
284 1526 411 1557 Herculi
436 1537 470 1557 os
497 1537 559 1557 non
584 1525 731 1567 applicet,
748 1525 790 1564 (ei
815 1526 950 1557 carmine
973 1526 1154 1556 celebrando

114 1586 219 1607 vocem
234 1588 295 1608 non
309 1578 548 1616 accommodet,)
567 1588 668 1618 neque
689 1577 884 1607 Dircaearum
907 1587 1053 1618 aquarum
1071 1588 1154 1608 sem-

115 1637 170 1668 per
193 1628 378 1667 meminerit,
399 1640 468 1670 quae
495 1629 584 1660 illum
608 1628 777 1659 educarunt
793 1632 823 1658 et
845 1628 1016 1669 Iphiclem;
1042 1629 1153 1670 quibus

115 1689 173 1719 ego
201 1680 382 1719 praeclarum
407 1691 446 1710 ex
469 1684 543 1710 voto
568 1690 693 1710 carmen
717 1690 864 1720 pangam,
881 1680 1032 1711 beneficio
1056 1682 1094 1711 ab
1117 1680 1153 1711 iis

114 1729 252 1760 affectus.
298 1729 475 1762 Gratiarum
492 1725 660 1762 celebrium
686 1730 805 1771 (modo)
824 1741 863 1775 ne
881 1742 931 1762 me
947 1731 1071 1763 deficiat
1095 1744 1153 1774 pu-

114 1792 183 1812 rum
197 1782 301 1812 lumen
315 1782 321 1813 1
347 1782 534 1823 AEginaeque
551 1782 645 1821 enim,
662 1782 720 1821 aio,
738 1782 869 1824 Nisique
885 1783 917 1814 in
932 1784 1009 1814 colle
1021 1783 1152 1821 (Telesi-

116 1836 224 1869 crates)
242 1836 288 1864 ter
303 1834 460 1865 civitatem
475 1834 555 1865 hanc
570 1833 738 1877 (Cyrenen)
753 1835 901 1865 celebrem
918 1834 1001 1873 fecit,
1017 1852 1062 1859 -—·
1078 1835 1153 1866 taci-
1170 1850 1215 1880 Ep.
1230 1853 1255 1873 4,

115 1889 236 1916 turn-am
252 1885 377 1917 laudum
393 1886 530 1927 inopiam
553 1885 681 1917 victoria
702 1886 862 1926 effugiens.
908 1887 1112 1929 Quapropter,
1129 1886 1155 1917 si
1185 1885 1241 1906 ¹⁶3·

116 1936 183 1977 quis
206 1936 234 1966 ei
255 1936 437 1975 amicusxsit
463 1937 590 1976 civium,
607 1937 632 1968 si
657 1937 724 1978 quis
748 1937 943 1977 adversarius,
965 1938 1024 1969 hoc
1049 1938 1155 1979 utique

116 1987 237 2028 publice
261 1988 340 2019 bene
367 1993 502 2029 gestum,
519 1999 569 2027 ne,
585 1993 776 2030 praeceptum
801 1988 917 2019 violans
939 1989 1050 2020 marini
1074 1989 1155 2020 senis

118 2038 238 2079 (Nerei)
255 2040 342 2071 celet.
379 2040 435 2071 Ille
452 2040 545 2071 etiam
563 2040 737 2079 inimicum,
749 2040 907 2081 praeclaras
923 2051 968 2071 res
984 2044 1154 2081 gerentem,

118 2093 184 2120 toto
200 2091 302 2122 animo
317 2095 347 2122 et
363 2101 417 2133 pro
428 2090 553 2133 justitia
567 2092 688 2123 laudare
709 2091 848 2133 jubebat.
895 2091 1073 2134 Saepissime
1091 2093 1154 2124 vic-

117 2144 213 2173 torem
229 2146 259 2174 te
275 2141 367 2175 etiam
383 2143 416 2175 in
432 2143 523 2175 sacris
539 2144 625 2175 statis
640 2143 773 2175 Palladis
788 2143 849 2175 vidi
860 2154 870 2182 3
888 2143 1054 2186 tacitaeque
1067 2155 1154 2186 quae-
