1439 2437
225 854 275 877 Str.
294 859 315 878 1.

211 1161 268 1184 Ant.
281 1162 319 1184 14.

241 1471 318 1502 Epod.

266 1506 304 1526 ΕΠ.

238 1723 285 1744 Str.
299 1724 321 1745 9.

267 1756 305 1779 03·

230 2087 284 2109 Am.
299 2089 322 2111 Q.

265 2122 304 2141 51.

322 161 364 189 64
735 151 942 184 NEMEA.

322 242 469 274 celebrate
481 239 658 271 Timodemi
673 238 705 271 in
716 238 846 279 glorioso
858 238 969 276 reditu,
979 236 1197 278 suavisonaque
1210 236 1351 277 auspicii*

321 293 398 325 mini
413 303 497 324 voce.

735 538 956 574 ΝΕΜ.ΙΙΙ.

356 629 892 673 ARISTOCLIDAE
935 628 1332 672 AEGINETAE,

659 741 746 769 PAN
753 741 776 769 C
784 740 1019 769 RATIASTAE
1026 760 1033 767 .

331 845 367 883 0
388 859 593 881 VENERANDA
615 848 719 887 Musa,
736 852 833 879 mater
848 853 962 887 nostra,
977 850 1105 890 supplex
1128 860 1192 888 oro,
1206 850 1242 880 ad
1258 849 1364 890 hospi-

330 901 423 931 talem
438 899 497 930 hoc
513 909 597 929 sacro
613 898 762 928 Nemeaeo
778 897 879 928 venias
894 898 1042 928 Doricam
1056 898 1188 928 insulam
1202 896 1362 938 AEginam.

331 952 454 993 Aquam
478 951 561 981 enim
584 953 762 990 exspectant
781 948 861 990 apud
884 949 1034 990 Asopiam
1061 949 1115 990 (te)
1135 949 1364 980 mellisonorum

331 1003 460 1034 artifices
485 1003 666 1042 hymnorum
688 999 827 1041 juvenes,
851 1006 913 1032 tuae
937 1001 1019 1031 vocis
1045 1000 1159 1041 cupidi.
1204 1000 1366 1031 Desiderat

333 1059 433 1085 autem
451 1064 496 1084 res
513 1053 570 1083 alia
585 1052 666 1082 aliud
675 1063 685 1090 3
709 1053 911 1083 certaminum
928 1063 998 1083 vero
1013 1052 1139 1083 victoria
1147 1051 1280 1083 maxime
1291 1062 1364 1081 can-

333 1109 398 1136 tum
416 1109 497 1135 amat
513 1113 691 1135 coronarum
713 1104 919 1144 virtutumque
935 1103 1127 1145 aptissimum
1144 1102 1300 1133 comitem.
1324 1120 1368 1125 ——

334 1155 432 1197 Cujus
448 1155 568 1196 copiam
579 1155 722 1195 deprome
738 1165 776 1185 ex
788 1154 912 1195 ingenio
922 1166 1002 1193 meo,
1012 1154 1169 1195 ordireque
1179 1153 1251 1184 coeli
1261 1153 1369 1183 multi-

333 1207 424 1237 nubis
440 1206 515 1247 regi,
543 1206 604 1247 (tu)
629 1206 691 1236 filia
717 1205 822 1247 (ejus),
844 1210 1006 1247 acceptum
1031 1206 1201 1247 hymnum3
1225 1215 1283 1245 ego
1298 1215 1369 1235 vero

331 1259 432 1299 ipsum
449 1257 555 1287 cantui
570 1268 676 1288 eorum
692 1258 825 1298 lyraeque
839 1256 966 1287 tradam.
1013 1256 1143 1288 Gratum
1161 1268 1230 1288 vero
1246 1256 1371 1287 habebit

331 1310 465 1339 laborem
482 1308 577 1349 (hunc
588 1308 737 1348 hymnum
750 1308 866 1348 meum)
880 1308 989 1340 insulae
999 1308 1092 1339 decus
1105 1308 1266 1349 (AEgin33)
1283 1309 1370 1348 Myr-

333 1360 472 1391 midones
488 1360 538 1390 ubi
555 1360 642 1401 prisci
667 1360 859 1390 habitarunt:
883 1370 1012 1400 quorum
1028 1360 1370 1402 antiquitus-celebrem

334 1415 459 1452 gentem
476 1422 537 1441 non
561 1411 758 1442 dedecoribus
780 1410 976 1440 Aristoclides
999 1421 1054 1451 pro
1078 1421 1132 1440 sua
1148 1410 1372 1441 contaminavit

333 1466 428 1502 parte,
445 1462 558 1492 fractus
580 1461 611 1491 in
626 1480 669 1484 --
694 1461 842 1502 pancratii
867 1466 964 1492 coetu.
1008 1460 1241 1492 Laboriosarum
1266 1466 1371 1492 autem

333 1514 492 1554 plagarum
517 1513 655 1542 levamen
680 1513 797 1543 salubre
814 1512 845 1542 in
861 1512 951 1542 fertili
975 1512 1096 1542 Nemea
1119 1513 1226 1553 pulcra
1247 1513 1373 1543 victoria

334 1564 431 1594 affert.
476 1562 554 1593 Cum
567 1574 636 1594 vero
645 1563 725 1593 idem
736 1564 898 1602 formosus,
905 1564 1012 1594 formae
1025 1568 1229 1594 consentanea
1239 1568 1372 1604 patrans,

335 1615 372 1645 ad
389 1614 532 1645 virtutem
557 1625 732 1655 supremam
755 1620 876 1645 evectus
892 1615 930 1645 sit
950 1615 1032 1646 filius
1055 1615 1284 1656 Aristophanis:
1310 1626 1373 1647 non

336 1666 363 1696 ei
374 1665 439 1707 jam
457 1665 581 1696 ulterius
597 1666 714 1696 invium
734 1677 826 1705 mare,
844 1667 1005 1697 columnas
1022 1667 1101 1697 ultra
1116 1667 1272 1705 Herculis,
1288 1666 1373 1708 traji-

336 1727 402 1747 cere
415 1717 504 1747 facile
521 1722 585 1747 est:
610 1735 653 1739 —
675 1717 777 1748 Heros
791 1717 865 1748 deus
886 1728 959 1758 quas
983 1718 1084 1758 posuit
1100 1718 1302 1758 navigationis
1318 1730 1373 1749 ex-

335 1772 442 1798 tremae
459 1771 550 1798 testes
574 1768 714 1806 inclitas3
745 1773 904 1809 postquam
928 1769 1047 1799 domuit
1070 1769 1186 1800 belluas
1208 1769 1240 1800 in
1265 1770 1374 1811 pelago

335 1820 486 1859 ingentes,
502 1819 682 1860 proprioque
699 1819 826 1850 consilio
850 1824 999 1850 scrutatus
1015 1824 1060 1850 est
1076 1820 1222 1861 paludum
1246 1822 1373 1859 fluenta,

335 1880 493 1911 quousque
505 1871 618 1901 reditus
635 1871 782 1901 terminus
797 1876 889 1912 patet,
904 1871 1059 1912 processit,
1074 1876 1244 1912 terramque
1267 1876 1372 1903 notam

336 1922 420 1952 fecit.
465 1922 587 1960 Anime,
597 1922 751 1962 quodnam
762 1923 798 1953 ad
809 1922 1002 1963 peregrinum
1015 1922 1260 1963 promontorium
1271 1934 1371 1953 meam

337 1973 562 2013 navigationem
580 1972 735 2003 deflectis?
762 1972 860 2003 AEaco
876 1977 906 2003 te
924 1972 1019 2014 jubeo
1035 1973 1198 2014 generique
1214 1974 1279 2015 ejus
1295 1972 1373 2004 Mu-

336 2034 399 2054 sam
423 2024 536 2054 afferre.
581 2025 676 2055 Adest
698 2035 767 2055 vero
789 2024 917 2055 carmini
940 2024 1093 2065 aequitatis
1117 2026 1170 2056 flos
1196 2025 1370 2066 (aequitas):

340 2074 432 2115 (quod
452 2073 554 2115 jubet)
580 2076 675 2106 bonos
698 2075 839 2114 laudare3
863 2094 906 2100 -
922 2075 1031 2117 Neque
1055 2075 1220 2107 ahenarum
1246 2076 1372 2106 laudum
