1439 2437
277 204 315 230 12
657 198 925 229 OLYMPIA.

274 298 293 316 o
315 284 444 316 Sostrati
470 284 522 322 fili,
548 283 726 314 felicitatem
751 283 886 324 largitur.
930 283 1061 314 Oberrat
1085 284 1200 323 linguae
1224 282 1300 313 cotis

275 337 368 367 instar
386 339 485 366 acutae
502 335 642 372 narratio,
659 345 768 376 meque
784 336 941 366 lubentem
958 335 995 366 ad
1011 334 1187 375 pulerifluos
1209 334 1299 365 tibia-

276 398 344 418 rum
373 388 459 418 flatus
481 386 586 417 allicit.
630 385 706 416 Avia
732 391 868 416 materna
891 396 959 415 mea
983 385 1169 426 Stymphalis
1193 386 1301 415 floreus

179 450 224 471 Str.
239 449 262 471 5.
279 438 406 479 Metope
430 441 486 475 est,
501 455 545 460 —-
565 447 712 479 equorum
729 436 916 476 agitatricem
941 446 1012 477 quae
1028 436 1157 467 Theben
1173 437 1301 477 peperit,

198 482 252 504 ¹⁴⁵·
278 489 365 530 cujus
380 499 437 529 ego
452 488 574 519 dulcem
591 499 700 529 aquam
725 488 809 526 bibo,
826 487 894 518 viris
910 488 1061 518 bellicosis
1077 492 1202 519 nectens
1217 499 1302 529 egre-

276 542 362 581 gium
379 541 541 581 hymnum.
588 539 725 580 Praecipe
748 550 830 570 nunc
852 539 954 578 sociis,
977 538 1087 577 AEnea,
1110 539 1244 580 primum
1268 545 1303 571 ut

276 592 296 623 J
301 602 436 623 unonem
453 590 646 621 Parthenium
662 596 784 629 canant,
795 595 920 630 tumque
933 594 968 620 ut
983 589 1147 628 declarent,
1163 601 1230 621 vere
1246 601 1303 621 nos

277 643 419 683 effugisse
443 642 604 682 antiquum
633 642 795 682 probrum:
828 641 983 671 Boeotiam
1009 651 1105 671 suem.
1151 640 1195 671 Es
1222 641 1305 673 enim

279 695 406 725 nuntius
422 705 520 731 verus,
536 693 792 734 pulcrieomarum
815 694 926 734 scytale
942 692 1113 730 Musarum,
1131 692 1306 723 dulcisono·-

178 767 232 789 Auo.
244 766 267 789 5.
280 757 346 777 rum
363 746 534 777 carminum
550 750 655 776 crater.
685 764 729 769 -—
751 745 770 776 J
775 746 833 776 ube
849 755 936 786 porro
949 744 1124 774 meminisse
1140 744 1306 785 Syracusa-

196 801 240 821 ¹⁵0⁴
280 807 407 837 rumque
423 801 453 826 et
469 797 618 836 Ortygiae,
635 807 725 836 quam
750 795 834 836 justo
856 800 976 836 sceptro
998 795 1148 836 rectisque
1170 796 1307 826 consiliis

279 849 453 888 gubernans
483 847 580 877 Hiero
609 847 802 887 rubripedem
833 846 905 877 colit
932 846 1084 884 Cererem,
1112 846 1307 887 candidisque

280 899 366 939 equis
397 904 494 928 vect-se
529 898 601 930 filiae
630 899 754 937 festum,
785 898 934 938 Jovisque
970 897 1088 927 AEtnaei
1124 898 1307 939 potentiam.

280 949 459 980 Suavisonae
475 954 578 980 autem
601 960 672 979 eum
691 950 761 989 lyrae
778 953 945 989 cantusque
969 953 1090 979 norunt.
1133 948 1184 978 Ne
1199 959 1307 978 succe-

279 1001 354 1031 dens
376 1005 499 1040 tempus
523 1001 642 1040 frangat
664 999 729 1041 ejus
753 1000 943 1031 felicitatem.
987 999 1048 1030 Sed
1070 1010 1143 1030 cum
1165 998 1308 1029 comitate

185 1060 229 1084 En.
246 1060 269 1082 5.
283 1050 406 1081 amabili
421 1051 544 1091 Agesiae
560 1051 692 1091 excipiat
715 1050 865 1091 hymnum
882 1070 924 1073 —
941 1062 958 1081 a
970 1050 1170 1091 Stymphaliis
1193 1049 1306 1080 moeni-

199 1094 253 1116 ¹⁶⁷·
282 1104 338 1133 bus
351 1113 368 1132 e
383 1102 480 1143 patria
500 1102 537 1132 ad
554 1102 682 1142 patriam
696 1101 868 1132 venientem
882 1102 987 1132 relicta
999 1112 1151 1142 pecorosae
1167 1101 1308 1132 Arcadiae

282 1158 387 1184 matre.
435 1152 559 1183 Prodest
582 1163 651 1183 vero
675 1153 707 1183 in
731 1157 940 1194 tempestuosa
966 1157 1056 1183 nocte
1074 1152 1163 1183 celeri
1178 1163 1217 1182 ex
1233 1162 1309 1182 nave

281 1204 425 1234 demissas
439 1203 531 1243 figere
547 1203 621 1234 duas
637 1214 771 1235 ancoras.
814 1203 902 1234 Deus
916 1204 1024 1234 horum
1040 1204 1220 1244 illorumque
1239 1204 1310 1243 (Ar-

283 1255 392 1285 cadum
410 1259 440 1284 et
453 1255 728 1294 Syracusanorum)
745 1255 892 1285 illustrem
906 1259 1017 1285 sortem
1032 1254 1146 1285 reddat.
1183 1254 1310 1284 Lubens

283 1316 362 1342 vero,
391 1305 547 1345 Neptune,
578 1305 652 1335 mari
683 1305 844 1346 imperans,
872 1304 1311 1344 aureum-colum-gestantis

283 1355 484 1396 Amphitrites
509 1356 627 1393 marite,
655 1366 831 1396 prosperum
861 1356 993 1386 concede
1017 1366 1140 1386 cursum
1166 1354 1312 1385 aerumnis

283 1411 452 1446 vacantem,
470 1417 671 1449 meorumque
686 1407 855 1438 carminum
872 1418 950 1447 auge
959 1407 1048 1437 dulce
1061 1407 1164 1437 decus.

649 1598 848 1635 OLYMP.
880 1598 955 1633 Vll.

460 1690 799 1731 DIAGORAE
832 1688 1072 1730 RHODI
1090 1690 1138 1735 0,

710 1800 893 1829 PUGILI.

189 1876 237 1899 sm
255 1877 274 1897 ι,
292 1852 324 1890 P
329 1872 457 1893 numm
475 1862 519 1892 uti
535 1861 602 1902 quis
618 1860 710 1891 divite
726 1870 819 1890 manu
834 1864 979 1897 sumtam,
996 1859 1064 1890 vitis
1080 1859 1162 1889 intus
1172 1869 1316 1899 spuman-

289 1920 350 1945 tem
367 1925 442 1952 rore‚
459 1914 553 1944 donat
564 1911 670 1954 juveni
686 1922 797 1952 genero
813 1911 978 1952 propinans
994 1911 1086 1941 domo
1102 1910 1228 1940 domum
1259 1911 1317 1949 (fe-

289 1966 440 2004 rendam),
456 1975 589 2002 auream,
606 1963 855 2005 pretiosissimam
876 1973 939 1993 rem
965 1973 1067 1992 eorum
1084 1973 1152 2003 quae
1175 1962 1317 2002 possidet,

291 2017 485 2057 conviviique
500 2016 603 2053 decus,
628 2020 659 2045 ct
675 2014 853 2045 affinitatem
870 2014 1020 2044 honorans
1037 2024 1134 2051 suam,
1152 2013 1318 2053 amicisque

292 2067 503 2109 praesentibus,
520 2067 593 2097 facit
608 2077 678 2097 cum
696 2065 892 2096 invidendum
908 2066 947 2095 ob
964 2064 1157 2105 conjugalem
1175 2064 1317 2095 thorum:

174 2126 229 2149 Ant.
242 2128 278 2149 12-
292 2139 333 2144 —-
350 2119 393 2150 sic
410 2130 467 2159 ego
483 2123 586 2149 nectar
601 2119 716 2156 fusum,
732 2117 891 2148 Musarum
907 2116 1035 2154 donum,
1058 2116 1179 2147 dulcem
1205 2114 1319 2156 ingenii
