1474 2397
190 307 238 330 Str.
251 310 272 331 ⁸2.

218 341 257 363 48,

180 721 271 743 Ann‘l.

214 754 252 775 (ΣΞ),

193 1122 266 1152 Fpmi.

198 1158 267 1179 Md?-

183 1539 230 1563 Str.
244 1540 267 1562 3.

193 1573 231 1595 95.

177 1942 231 1965 Ani.
241 1943 263 1965 3.

195 1976 245 1996 11⁴2.

285 176 302 200 ι’
661 173 925 204 OLYMPIA.

286 258 373 288 variis
389 259 499 290 fabulae
517 259 677 289 hominum
691 264 808 290 mentes
818 260 882 300 ipsa
895 270 963 289 vera
977 258 1145 289 narratione
1161 257 1313 288 efficacius

286 310 410 340 delinire
443 312 561 347 solent3
590 330 633 333 —
658 310 823 350 Gratiaque
851 310 978 350 (ingenii
1002 315 1031 339 et
1052 308 1222 348 orationis),
1244 319 1313 348 quae

286 361 390 391 omnia
406 362 499 392 efficit
524 361 625 391 suavia
650 361 836 398 mortalibus,
853 361 945 391 etiam
967 360 1048 401 quod
1067 359 1241 390 incredibile
1257 363 1312 396 est,

285 412 446 442 adferendo
462 413 489 442 ei
506 411 698 452 dignitatem,
716 411 810 442 efficit
827 411 968 442 credibile
980 420 1208 451 saepenumero:
1233 414 1312 439 tem-

285 474 356 504 pora
372 467 475 492 tamen
491 463 593 493 futura
608 466 700 492 testes
718 462 874 492 verissimi.
919 463 961 492 At
975 462 1130 492 hominem
1144 461 1230 491 decet
1245 471 1313 490 nar-

281 525 329 544 are
354 514 391 544 de
415 513 471 543 diis
497 513 642 550 honesta3
670 512 769 542 minor
796 513 879 543 enim
907 513 950 543 sic
976 513 1066 553 culpa
1089 517 1134 542 est
1159 511 1314 552 [fingere].

285 564 390 604 Itaque
407 569 447 602 te,
464 564 507 594 fili
523 563 657 601 Tantali,
671 568 776 594 contra
790 574 882 604 quam
899 563 1065 605 superiores
1078 568 1189 604 poetae,
1202 562 1313 600 dicam,

285 615 407 655 quando
424 615 540 645 vocavit
556 620 650 655 pater,
668 618 702 645 ut
718 614 928 655 aequissimum
945 619 1019 653 erat,
1037 614 1073 644 ad
1088 615 1190 654 epulas
1208 624 1313 644 suam-

284 677 342 706 que
359 666 509 706 Sipylum,
535 665 666 696 vicissim
693 665 751 696 diis
776 676 898 696 coenam
923 667 1074 707 praebens,
1091 670 1166 695 tunc
1183 665 1313 695 tridente

284 717 434 756 inclytum
456 717 572 757 [deum]
594 717 728 757 rapuisse
744 736 786 739 -—
801 716 952 747 domitum
964 718 1068 748 animo
1084 727 1196 754 amore,
1207 725 1312 746 aureo-

285 779 345 808 que
369 778 458 797 curru
483 768 660 798 altissimam
687 768 819 797 multum
840 768 1002 798 venerandi
1027 767 1064 797 ad
1085 767 1210 797 domum
1227 765 1313 796 Jovis

289 819 343 858 [te]
373 817 571 856 transtulisse,
587 828 648 858 quo
664 818 723 848 alio
749 822 883 858 tempore
908 818 990 848 venit
1015 817 1221 858 Ganymedes,
1242 816 1313 846 Jovi

285 869 363 898 idem
382 869 418 898 ad
436 868 650 898 ministerium.
700 868 742 897 Ut
759 879 827 898 vero
845 879 906 898 non
920 868 1152 909 eonspiciebaris
1168 868 1311 908 amplius,

285 930 340 949 nec
354 919 390 949 ad
407 924 532 949 matrem
557 919 689 949 multum
705 919 894 959 inquirentes
910 920 964 950 viri
980 924 1009 949 te
1025 919 1225 950 reduxerant:
1251 923 1312 949 sta—

285 969 339 999 tim
355 970 433 1000 clam
450 969 526 999 dixit
543 969 650 1009 aliquis
667 969 838 999 invidorum
853 970 1036 1000 vicinorum:
1062 980 1141 1010 aqua
1154 969 1190 999 ad
1207 969 1311 1010 ignem

285 1020 481 1051 vehementer
505 1021 640 1050 fervente
656 1020 769 1051 elixata
785 1021 884 1051 cultro
904 1021 999 1062 (deos)
1018 1021 1196 1051 dissecuisse
1212 1031 1310 1050 mem-

282 1072 343 1108 bra,
362 1071 535 1111 mensisque
551 1072 647 1101 frusta
662 1071 799 1101 carnium
816 1076 935 1102 tuarum
952 1071 1149 1108 distribuisse,
1162 1076 1191 1101 et
1208 1081 1311 1101 come-

280 1122 369 1152 disse.
385 1141 429 1145 -—
443 1122 472 1151 A
495 1133 545 1152 me
561 1133 632 1152 vero
648 1122 807 1163 impetrare
832 1134 893 1153 non
919 1134 1055 1164 possum,
1076 1129 1111 1153 ut
1136 1123 1310 1152 helluonem

279 1172 404 1202 deorum
421 1172 552 1213 aliquem
580 1173 692 1203 dicam.
738 1173 847 1213 Longe
863 1175 982 1204 absum.
1028 1174 1148 1204 Malum
1166 1173 1311 1214 consequi

280 1224 356 1253 solet
380 1224 483 1254 crebro
501 1223 677 1253 maledicos.
722 1223 756 1253 Si
780 1235 849 1254 vero
873 1225 971 1255 ullum
998 1225 1157 1255 mortalem
1184 1223 1311 1264 Olympi

280 1274 481 1304 moderatores
498 1274 698 1312 honorarunt,
715 1278 778 1304 erat
789 1274 938 1305 Tantalus
955 1276 1005 1306 hic
1015 1287 1024 1313 3
1049 1275 1101 1305 sed
1123 1285 1310 1315 concoquere

280 1325 448 1364 (moderate
462 1325 549 1363 ferre)
569 1335 712 1365 magnam
726 1325 904 1355 felicitatem
922 1337 984 1356 non
1006 1325 1116 1366 potuit,
1132 1325 1309 1356 insolentia-

279 1386 338 1416 que
353 1375 410 1406 sibi
427 1375 578 1405 contraxit
587 1386 713 1416 poenam
728 1375 969 1417 ingentem,qua
978 1381 1063 1417 pater
1079 1375 1143 1417 ejus
1160 1375 1307 1417 (Jupiter)

280 1435 410 1467 superne
436 1426 580 1467 appendit
604 1427 806 1467 ponderosum
833 1427 891 1468 ipsi
914 1427 1058 1468 lapidem,
1075 1438 1167 1468 quem
1192 1437 1311 1467 semper

280 1478 407 1508 nitensa
424 1479 522 1519 capite
538 1478 666 1516 amoliri,
683 1489 700 1508 a
716 1478 821 1509 laetitia
836 1480 927 1519 longe
948 1480 1033 1510 abest
1052 1481 1210 1520 (perpetuo
1226 1483 1309 1508 metu

278 1529 424 1569 angitur).
453 1549 496 1552 —
521 1528 645 1560 Tolerat
669 1539 738 1560 vero
761 1540 966 1560 aerumnosam
984 1530 1062 1560 hanc
1084 1530 1188 1567 vitam,
1210 1529 1309 1559 conti—

276 1588 372 1612 nuum
388 1581 470 1612 hunc
479 1585 619 1622 quartum
631 1586 701 1622 post
714 1581 986 1619 tertiumlaborem‚
997 1580 1222 1612 Immortalium
1233 1591 1310 1621 quo-

276 1633 356 1663 niam
378 1634 461 1663 furto
476 1634 612 1663 ablatum
631 1637 734 1663 nectar
750 1632 1007 1673 ambrosiamque,
1020 1633 1133 1673 quibus
1149 1632 1308 1663 immorta-

274 1685 333 1714 lem
362 1695 431 1714 eum
457 1685 602 1722 fecerant,
631 1685 799 1725 aequalibus
829 1684 963 1714 convivis
993 1683 1132 1714 dederat.
1177 1682 1213 1712 Si
1238 1682 1306 1722 quis

274 1735 357 1766 enim
381 1735 459 1765 clam
483 1735 540 1765 deo
564 1735 660 1765 facere
683 1734 796 1775 aliquid
818 1745 906 1775 posse
930 1737 1041 1775 sperat,
1063 1733 1187 1764 fallitur.
1232 1732 1307 1762 Ideo

273 1786 454 1818 remiserunt
477 1785 503 1816 ei
515 1785 613 1816 filium
630 1785 822 1816 immortales
846 1785 883 1815 ad
908 1785 1181 1816 cito-morituram
1205 1794 1308 1815 rursus

274 1836 436 1866 hominum
462 1841 598 1876 gentem.
643 1836 679 1867 In
704 1836 808 1867 florida
832 1840 934 1867 autem
958 1840 1047 1867 aetate
1071 1846 1167 1876 quum
1191 1836 1306 1875 lanugo

276 1888 397 1928 nigrum
422 1886 486 1928 ejus
511 1891 650 1918 mentum
681 1887 867 1922 obduxisset,
893 1887 1083 1928 propositum
1112 1886 1302 1926 (certamine)

276 1938 456 1979 eonjugium
472 1939 600 1977 studuit,
614 1958 657 1963 —-
674 1940 821 1970 illustrem
840 1938 1097 1980 Hippodamiam,
1114 1948 1132 1968 a
1146 1942 1231 1978 patre
1252 1936 1305 1967 Pi-

275 1995 340 2021 sata
353 1991 500 2021 obtinere.
546 1990 645 2032 Prope
661 1996 765 2022 autem
781 1990 928 2021 accedens
944 1991 980 2021 ad
998 2000 1108 2021 canum
1127 1999 1209 2019 mare
1224 1988 1306 2019 solus

274 2042 305 2072 in
322 2042 464 2080 tenebris,
482 2042 658 2073 inclamavit
670 2042 893 2083 gravistrepum
902 2041 1204 2081 tridente-insignem
1216 2039 1304 2080 Nep·

272 2098 407 2131 tunum3
432 2092 516 2133 isque
542 2093 598 2133 ipsi
623 2098 692 2124 ante
718 2093 808 2134 pedes
834 2103 934 2123 coram
957 2091 1106 2133 apparuit.
1151 2089 1233 2121 Tum
1261 2089 1304 2119 illi
