1439 2437
177 315 232 334 Ant.
245 311 268 334 5.

200 345 254 367 278.

197 763 242 792 Ep.
254 763 277 785 5.

208 796 261 819 191.

208 1643 257 1664 Sir.
273 1641 282 1660 l

189 1943 244 1967 Ant.
260 1945 297 1967 15.

281 172 322 198 36
702 170 924 203 PYTHIA.

282 256 397 294 partem
410 265 419 292 3
443 254 824 296 candidis-ulnis-insignis
836 261 940 287 autem
951 256 979 286 T
982 257 1090 297 hyonae
1102 257 1224 299 Jupiter
1233 261 1318 298 pater

284 305 366 335 venit
382 305 419 336 ad
443 305 564 336 thorum
593 306 767 337 amabilem.
789 326 834 330 —-
859 307 962 348 Hujus
986 318 1056 338 vero
1084 308 1198 347 (Pelei)
1225 307 1316 346 filius,

283 367 374 397 quem
391 357 489 388 solum
507 357 688 387 immortalis
704 357 821 398 peperit
838 358 961 389 Phthiae
976 359 1096 397 Thetis,
1110 359 1141 389 in
1158 360 1242 390 bello
1267 369 1315 389 sa-

283 408 369 448 gittis
385 408 488 438 anima
497 408 618 446 amissa,
628 407 774 438 excitavit
784 408 847 449 igni
858 415 1069 441 concrematus
1082 410 1198 441 Danais
1210 411 1319 451 planc-

285 464 363 490 tum.
408 459 441 489 Si
466 459 535 500 quis
560 459 653 499 igitur
667 459 840 490 mortalium
858 465 962 491 mente
977 466 1061 492 tenet
1073 461 1204 492 veritatis
1227 461 1320 492 ratio-

286 521 370 549 nem,
387 521 456 540 eum
474 511 518 540 fas
534 515 590 547 est,
606 510 732 540 deorum
752 511 903 542 beneficio
919 512 944 542 si
960 512 1159 554 consequitur
1171 512 1242 550 hoc,
1256 522 1321 542 esse

287 561 422 592 felicem.
469 561 631 600 (felicitate
647 561 716 598 frui,
733 561 758 591 si
775 561 802 591 ei
818 563 951 603 obtigit3
975 574 1081 594 verum
1097 568 1127 593 et
1143 563 1180 594 ad
1196 564 1320 593 alteram

288 613 443 643 fortunam
461 620 601 653 paratum
619 612 726 643 habere
737 616 872 653 pectus.)
916 614 982 644 Alis
994 625 1064 645 vero
1077 615 1145 645 aliae
1157 625 1239 645 aurae
1250 618 1323 644 sunt

289 664 537 694 alte-volantium
555 668 734 702 ventorum3
760 664 902 695 Felicitas
919 668 1007 705 (que)
1020 666 1184 696 hominum
1198 676 1259 695 non
1270 665 1323 695 diu

289 715 387 750 durat,
404 715 429 745 si
446 725 505 756 qua
521 725 632 754 magna
645 714 798 755 nimisque
812 716 968 746 cumulata
981 716 1098 747 homini
1109 716 1266 757 ingruerit.
1281 734 1325 739 —

290 766 438 796 Tenuiter
450 777 499 796 me
515 776 618 806 geram
629 765 659 796 in
674 767 796 796 fortuna
805 766 911 806 tenui;
929 767 1093 808 magnifice
1108 767 1237 808 (majore
1251 778 1323 798 cum

292 818 444 857 impensa)
461 816 492 846 in
509 817 649 857 ampliori
663 828 672 855 ;
700 828 878 859 semperque
894 829 974 856 eam,
984 829 1053 859 quae
1068 819 1144 849 mihi
1154 819 1249 857 adest,
1263 820 1326 850 for-

292 874 399 898 tunam
417 867 521 898 animo
537 878 702 908 prosequar
716 879 770 909 pro
796 870 910 900 viribus
935 869 1010 900 meis
1038 870 1151 900 colens.
1199 870 1233 900 Si
1256 880 1327 900 vero

294 919 367 950 inihi
385 919 503 949 divitias
525 918 600 949 deus
628 920 723 950 lautas
749 921 927 962 praebuerit:
953 932 1038 962 spem
1065 921 1172 959 habeo,
1189 918 1326 961 ‘gloriam

295 981 343 1001 nie
359 975 593 1000 consecuturum
619 981 685 1001 esse
709 973 860 1002 excelsam
877 973 958 1013 apud
975 977 1120 1013 posteros.
1164 971 1328 1002 Nestorem

294 1027 326 1052 et
341 1021 469 1062 Lycium
487 1021 706 1061 Sarpedonem,
733 1023 895 1053 hominum
921 1024 1050 1062 fabulas,
1075 1034 1114 1054 ex
1142 1022 1329 1053 carminibus

295 1073 424 1109 sonoris,
448 1071 577 1102 artifices
603 1074 705 1112 qualia
731 1075 882 1114 sapientes
909 1075 1145 1112 concinnarunt,
1175 1073 1329 1104 novimus.

296 1123 400 1154 Virtus
416 1122 498 1153 enim
510 1122 621 1153 inclitis
634 1124 820 1155 carminibus
830 1125 973 1155 diuturna
983 1125 1091 1155 evadit.
1139 1124 1250 1155 Paucis
1261 1134 1330 1154 vero

297 1174 357 1213 (id)
374 1173 494 1215 assequi
510 1173 598 1204 facile
611 1179 667 1204 est.

701 1328 861 1365 PYTH.
886 1329 944 1365 IV.

416 1420 451 1459 A
468 1419 812 1462 RCESILAO
850 1419 1143 1461 CYRENAE
1159 1420 1209 1466 Ο,

740 1531 918 1560 CURRU.

289 1658 294 1662 .
308 1620 435 1662 Homss
451 1634 569 1671 oportet
586 1634 614 1660 te
631 1630 693 1660 viro
709 1629 809 1660 amico
826 1629 939 1667 adesse,
951 1629 1105 1660 bellicosae
1114 1629 1178 1669 regi
1195 1628 1338 1669 Cyrenes,

308 1690 342 1715 ut
356 1687 631 1724 pompam-agente
647 1692 718 1712 cum
731 1681 894 1720 Arcesilae,
906 1690 924 1710 o
936 1681 1040 1718 Musa,
1052 1680 1188 1711 Latoidis
1199 1680 1337 1711 debitum

307 1734 497 1775 Delphisque
513 1732 661 1762 secundes
674 1743 776 1762 auram
793 1732 957 1763 secundam
981 1732 1172 1769 carminum3
1199 1731 1248 1761 ubi
1265 1731 1339 1761 olim

308 1785 405 1816 aureis
417 1783 503 1814 Jovis
519 1783 625 1823 aquilis
642 1783 789 1821 assidens,
807 1793 869 1813 non
886 1783 1010 1813 absente
1027 1782 1185 1822 Apolline,
1202 1782 1339 1812 sacerdos

309 1836 431 1867 oraculo
454 1834 565 1864 edixit:
590 1834 719 1864 Battum
744 1834 933 1864 conditorem
951 1833 1106 1873 frugiferae
1123 1833 1241 1874 Libyae,
1257 1843 1341 1864 sacra

311 1888 411 1918 insula
429 1886 492 1928 jam
510 1885 624 1923 relicta,
642 1886 839 1916 conditurum
864 1885 1216 1926 curribus-praestantem
1233 1886 1340 1916 urbem

311 1938 341 1968 in
354 1938 503 1968 albicante
514 1938 603 1968 ubere
616 1942 721 1975 terrae3
738 1956 778 1959 —
793 1941 823 1966 et
833 1936 955 1966 Medeae
966 1935 1142 1967 vaticinium
1160 1936 1190 1966 in
1202 1936 1341 1966 animum

311 1993 521 2019 revocaturum
535 1999 604 2020 cum
622 1988 751 2029 septima
767 1993 796 2018 et
812 1988 933 2018 decima
943 1987 1137 2027 generatione
1153 1987 1319 2017 Theraeum
1332 1997 1342 2023 ς

312 2040 413 2071 AEetae
430 2040 512 2080 quod
526 2039 678 2081 quondam
700 2039 897 2079 magnanima
921 2039 982 2069 filia
998 2039 1109 2069 efflavit
1124 2050 1161 2069 ex
1177 2038 1342 2069 immortali
1380 2038 1383 2042 ‘
1413 2048 1414 2058 ¹

312 2102 362 2122 ore
378 2092 482 2133 regina
498 2091 694 2122 Colchorum.
739 2090 829 2121 Dixit
846 2101 915 2121 vero
931 2090 973 2120 sic
989 2090 1130 2121 semideis
1141 2089 1262 2121 Jasonis
1279 2090 1342 2120 bel-
