1439 2437
181 434 235 455 Ann.

203 470 243 490 52¹.

159 785 194 814 lp
205 785 234 808 ul,
249 788 262 808 ‘2

192 822 232 840 ll.

189 1199 235 1221 Sir,
249 1200 274 1221 3.

204 1232 243 1253 79.

294 190 333 217 28
689 190 912 222 PYTHIA.

292 278 371 309 tcm3
397 278 487 304 noctu
506 286 573 305 vero
589 285 660 305 saxa
677 277 798 306 volvens
814 277 984 308 rubicunda
1001 279 1123 308 flamma
1139 277 1170 308 iu
1183 276 1312 317 profun-

291 324 364 354 ‹lum
382 325 477 354 ‹lel'crt
493 326 583 356 maris
598 336 704 366 aequor
719 337 790 357 cum
803 328 929 367 fragore.
974 329 1025 359 Sic
1040 328 1092 358 illa
1118 329 1218 358 bellua
1234 326 1311 357 Vul-

291 375 357 404 cani
374 375 509 415 gurgites
526 376 688 407 horrendos
704 375 835 417 ejectat3
859 378 1031 418 prodigium
1048 378 1168 419 quidem
1187 377 1310 408 mirabi-

251 439 275 457 2¹.
293 428 318 456 le
334 426 488 467 adspectu,
506 428 686 458 miraculum
707 438 777 458 vero
792 433 822 458 et
837 428 884 466 iis,
910 429 962 469 qui
986 430 1120 468 adfuere,
1136 429 1252 466 auditu,
1268 447 1311 451 —-

292 477 447 517 quomodo
465 478 571 508 “Etiue
588 479 666 509 inter
681 478 898 518 nigri—frondes
927 481 1067 521 alligatus
1095 481 1134 510 sit
1162 479 1202 520 (T
1204 478 1311 519 yplios)

292 528 416 558 vertices
429 529 565 570 imasque
581 530 716 567 radices3
734 530 892 570 lectusque
903 531 1061 561 lancinans
1076 536 1174 561 totum
1189 531 1312 560 dorsum

293 580 381 618 (solo)
400 580 581 610 acclinatum
613 587 745 621 pungat.
783 580 922 619 Utinam,
947 581 1079 622 Jupiter,
1109 580 1164 611 tibi
1195 580 1312 610 utinam

290 631 430 670 probatus
446 630 515 668 sim,
532 631 583 671 qui
601 631 682 661 bunc
699 631 792 662 tueris
809 638 944 663 montem
957 632 1061 663 fertilis
1072 637 1159 662 terrae
1169 632 1312 668 frontem,

289 680 377 722 cujus
389 682 572 721 cognomine
583 682 706 712 inclitus
720 682 856 712 conditor
866 682 1026 713 illustravit
1037 684 1141 713 urbem
1159 682 1289 712 vicinam
1302 693 1311 718 3

289 732 362 762 dum
380 731 535 772 Pythiadis
556 732 586 762 in
604 743 693 762 cursu
710 742 811 773 praeco
826 733 1023 773 proclamavit
1049 744 1128 771 eam,
1154 731 1313 774 pronunti-

289 794 342 812 uns
355 787 477 823 propter
493 782 637 813 Hieronis
646 783 796 823 splendidi
807 783 928 814 victoris
942 803 984 806 —
997 794 1110 814 currus.
1129 782 1311 823 Naviganti-

289 835 344 863 bus
357 844 426 863 vero
435 834 591 874 praecipua
606 834 734 864 felicitas
745 844 779 864 ea
791 835 956 875 contingit,
974 835 1195 875 navigationem
1210 833 1313 874 auspi-

289 884 428 915 cantibus
452 885 604 915 sccundus
631 885 655 915 si
671 885 771 915 veniat
796 890 924 923 ventus5
948 885 1019 915 hinc
1043 886 1125 916 euim
1143 884 1313 920 verisimile,

289 936 379 966 ctiam
400 935 431 965 in
450 935 510 965 fine
526 935 645 965 felicem
662 935 795 966 reditum
814 946 864 966 cos
881 940 1105 966 consecuturos.
1129 936 1231 976 Atque
1247 934 1316 965 haee

289 987 364 1017 ratio
381 986 469 1015 hasce
484 990 606 1026 propter
622 986 760 1016 victorias
785 997 869 1027 spem
898 986 993 1017 adfert
1013 986 1155 1027 deinceps
1179 987 1313 1017 futuram

288 1048 352 1068 csse
368 1037 496 1067 EEtnam
513 1036 662 1067 coronatis
679 1037 764 1078 equis
788 1038 940 1076 inclitam,
955 1037 1181 1078 (lulcisonisque
1200 1037 1312 1076 (victo-

289 1089 370 1127 rum)
387 1087 531 1118 conviviis
544 1088 702 1118 celebrem.
726 1088 755 1118 O
772 1088 864 1129 Lycie
879 1095 909 1119 et
918 1089 1169 1130 Delo-imperans
1184 1088 1312 1123 Phoebe,

291 1139 488 1179 l‘uruassique
504 1140 619 1169 sontem
638 1138 806 1171 Castalium
823 1151 939 1179 amans,
955 1141 1027 1171 velis
1044 1141 1111 1171 haec
1125 1140 1196 1180 (hoc
1207 1140 1310 1178 omen)

290 1192 393 1222 auimo
408 1202 560 1232 reponere,
577 1196 609 1221 et
625 1190 868 1222 viris-florentem
883 1192 1049 1232 regionem.
1064 1211 1108 1215 —-
1123 1192 1150 1222 A
1160 1191 1216 1221 diis
1232 1190 1314 1220 enim

293 1244 390 1283 (suut)
409 1247 535 1282 conatus
559 1252 666 1272 omnes
691 1242 892 1274 humanarum
916 1243 1082 1280 virtutu1n3
1105 1249 1137 1272 et
1151 1241 1314 1282 sapientes,

281 1300 312 1325 et
329 1294 468 1324 manibus
484 1293 586 1331 sortes,
602 1293 790 1334 facundique
802 1302 977 1325 nascuntur.
999 1295 1043 1325 At
1053 1294 1147 1324 virum
1156 1304 1213 1333 ego
1226 1292 1312 1322 illum

288 1345 407 1376 laudare
424 1345 455 1375 in
471 1344 574 1375 animo
590 1345 716 1384 habens,
731 1356 819 1386 spero
850 1356 899 1376 me
917 1356 976 1376 non
1003 1343 1311 1384 aerea-cuspi‹le-1nu-

288 1397 384 1428 uitam
400 1396 542 1437 sagittam
559 1401 671 1436 praeter
694 1406 820 1437 scopum
846 1395 1002 1438 jacturum
1036 1406 1130 1426 manu
1147 1393 1312 1429 vibrand03

288 1449 339 1479 sed
355 1450 444 1488 longe
460 1446 642 1488 ejaculatum
659 1448 811 1478 victurum
841 1448 1022 1479 adversarios
1052 1447 1218 1488 (aeniulos).
1244 1444 1314 1474 Uti-

291 1510 360 1530 nam
377 1509 446 1529 vero
469 1509 560 1529 omne
587 1504 710 1539 tempus
741 1499 915 1529 felicitatem
944 1499 988 1529 sie
1017 1507 1172 1538 opumque
1189 1504 1315 1526 munera

183 1562 240 1584 Am,
254 1563 278 1585 3,
293 1554 459 1584 conservet,
476 1558 741 1588 zerumnarumque
758 1547 940 1578 oblivionem
966 1548 1119 1588 praebeat!
1136 1564 1178 1568 -—
1201 1543 1316 1585 Utique

212 1595 252 1616 91.

292 1598 495 1629 reminiscitur
509 1598 608 1628 adhue
621 1598 755 1638 (Hiero,)
770 1602 898 1638 quantas
908 1598 938 1627 iu
957 1598 1041 1628 bellis
1055 1606 1172 1638 pugnas
1183 1595 1315 1625 toleran-

290 1652 311 1681 ti
329 1650 431 1680 auimo
446 1649 634 1688 sustinuerit,
650 1660 719 1679 cum
740 1650 809 1688 (eae)
827 1654 971 1689 pararunt
987 1649 1043 1678 diis
1055 1646 1236 1689 juvantibus
1249 1645 1316 1685 glo·

291 1703 376 1739 rizun,
392 1702 513 1743 qualem
533 1712 623 1732 nemo
640 1700 820 1731 Graecorum
838 1699 998 1740 decerpsit,
1015 1709 1108 1740 opum
1125 1697 1215 1727 decus
1231 1706 1316 1735 mag-

289 1754 426 1784 nificum.
449 1752 544 1782 Nunc
561 1762 633 1782 vero
647 1751 829 1781 Philoctetae
845 1751 1023 1790 exemplum
1042 1748 1176 1778 imitatus
1204 1746 1317 1776 milita-

288 1806 330 1835 vit
344 1817 351 1836 z
376 1816 446 1835 eum
471 1804 552 1834 enim
580 1814 618 1833 ex
649 1803 840 1840 necessitate,
868 1801 1003 1832 amicum
1025 1801 1081 1831 sibi
1109 1804 1143 1830 ut
1170 1797 1316 1834 redderet,

288 1856 395 1897 uliquis
411 1855 502 1886 etiam
525 1854 628 1895 paullo
644 1853 805 1895 superbior
819 1853 961 1894 palpavit.
994 1853 1090 1882 Aiunt
1115 1849 1258 1881 nimirum
1285 1848 1315 1878 in

159 1917 237 1947 lzpnd.
251 1918 275 1939 3.
291 1907 410 1937 Lemno
426 1906 547 1936 vulnere
574 1904 729 1935 adflictum
757 1904 994 1944 investigaturos
1021 1903 1138 1933 venisse
1153 1920 1194 1923 -—
1212 1899 1317 1929 heroas

188 1952 242 1973 105.

289 1958 406 1988 divinos
439 1956 575 1987 Poeantis
604 1955 700 1986 filium
726 1955 953 1995 sagittatorcn13
989 1954 1042 1995 qui
1073 1951 1183 1984 Priami
1210 1951 1316 1981 urbem

289 2008 395 2038 evertit
410 2007 566 2048 finivitque
582 2007 697 2036 labores
714 2005 907 2044 Danaorum,
923 2005 979 2035 etsi
992 2004 1114 2035 infirmo
1130 2012 1252 2042 corpore
1269 2001 1315 2030 in-

289 2059 416 2090 ccdens:
434 2059 485 2090 sed
502 2059 543 2089 ita
556 2058 618 2088 fieri
635 2058 723 2087 fatale
739 2063 812 2087 erut.
836 2057 887 2088 Sic
904 2068 972 2090 vero
984 2055 1113 2086 Hieroni
1128 2054 1202 2084 deus
1218 2062 1316 2081 serva-

290 2117 335 2141 tor
363 2111 439 2142 adsit
453 2112 555 2141 futuro
575 2110 719 2150 (quoque)
737 2114 883 2149 tempore,
900 2119 1015 2145 eorum,
1039 2117 1105 2147 qum
1135 2108 1230 2145 optut,
1261 2112 1317 2142 op-
