1439 2437
445 218 676 251 CARMEN
703 219 775 250 Vll.
1099 223 1134 249 13

106 311 237 340 fructum
254 306 379 337 mittens
395 306 431 337 ad
448 317 510 344 eos,
528 306 579 347 qui
595 305 752 346 Olympize
781 303 971 345 Delphisque
1001 303 1137 334 victoriae

106 358 230 401 praernia
244 361 445 399 reportarunt,
462 358 497 388 iis
514 356 678 398 gratificor.
724 355 811 386 Felix
834 355 895 393 ille,
921 366 1015 396 quem
1040 353 1139 386 Fama

105 409 296 451 amplectitur
312 409 403 439 bona.
447 408 532 439 Alias
547 412 650 438 autem
664 408 759 438 alium
776 407 901 448 respicit
925 408 1007 438 alma
1031 406 1139 437 Gratia

106 461 239 503 (Musa),
253 460 432 491 blandisona
448 471 521 491 cum
539 459 654 491 cithara
669 459 846 500 sonorisque
862 459 1005 490 tibiarum
1023 459 1138 489 instru-

104 512 234 544 mentis:
251 529 294 536 —
313 511 356 542 Et
371 521 440 542 vero
457 522 540 541 nunc
553 510 642 541 venio
658 510 694 541 ad
710 510 921 541 celebrandam
938 515 1065 551 utraque
1079 508 1136 550 (ci-
1150 524 1194 555 Ep.
1204 526 1241 547 ‹23-

104 563 189 594 thara
203 568 234 594 et
250 563 336 602 tibia)
355 573 427 593 cum
442 562 588 603 Diagora,
607 561 755 592 marinam
773 561 867 592 filiam
889 561 1015 592 Veneris
1040 560 1137 591 Solis-

103 626 174 657 que,
190 614 372 656 Nympham
386 613 532 644 Rhodum
549 614 736 651 bellicosam,
747 616 781 642 ut
792 613 951 653 ingentem
962 612 1059 643 virum
1071 621 1140 652 pro-

104 677 142 708 pe
157 666 314 707 Alpheum
331 665 557 705 Castaliamque
571 669 751 695 coronatum
771 664 923 704 pugilatus
939 667 1062 704 propter
1076 662 1141 692 vic-

104 718 211 748 toriam
222 717 354 755 laudem,
361 720 539 757 patremque
549 715 630 746 Dam
635 719 757 756 agetum
769 714 787 745 J
794 715 907 745 ustitiae
916 724 1020 744 carum
1030 725 1038 751 ς
1052 713 1142 744 triur-

105 770 175 800 bem
192 769 322 799 insulam
337 778 432 809 prope
449 766 535 797 Asiae
549 767 690 808 spatiosae
707 771 839 797 rostrum
855 776 925 797 cum
937 765 1050 805 Argiva
1060 765 1142 795 mul-

104 820 235 851 titudine
250 819 476 856 inhabitantes3
494 837 534 841 -—
552 817 663 857 quibus
675 818 743 847 volo
753 817 824 848 inde
837 816 1046 857 aTlepolemo
1055 826 1142 846 com·
1155 819 1188 843 St.
1206 821 1227 842 ⁶2.

105 881 198 902 mune
219 877 382 902 contexere
398 880 532 907 carmen,
552 869 698 900 Herculis
714 869 774 899 late
794 868 912 909 potenti
939 867 1037 908 stirpi.
1083 866 1142 897 Pa·
1172 854 1212 875 ³⁶*

103 927 190 954 terna
205 923 287 954 enim
303 923 394 962 stirpe
409 932 427 951 a
441 921 520 952 Jove
535 926 617 952 ortos
633 932 664 950 sc
691 921 862 960 gloriantur
871 931 880 957 3
907 923 1045 949 materna
1072 929 1143 948 vero

105 973 175 1004 inde
191 974 228 1004 ab
245 973 430 1014 Astydamea
445 978 518 1002 sunt
535 971 760 1010 Amyntoridae.
806 970 946 1000 Pendent
972 979 1041 999 vero
1065 968 1145 999 circa

104 1024 267 1056 hominurn
285 1028 403 1055 mentes
415 1022 570 1053 innumeri
585 1031 708 1059 errores,
725 1020 911 1061 difficileque
936 1024 983 1050 est
1007 1018 1144 1059 adsequi,

107 1094 151 1100 -—
166 1080 212 1114 ut,
226 1087 296 1116 quae
312 1084 397 1106 nunc.
408 1073 492 1104 adest
508 1072 647 1110 felicitas,
661 1071 766 1102 eadem
784 1071 822 1102 ad
838 1075 966 1102 mortem
982 1081 1076 1111 usque
1087 1070 1144 1100 ho-
1158 1082 1212 1104 Am,
1224 1083 1247 1103 ρ,

109 1127 185 1158 mini
200 1126 371 1166 contingat.
398 1124 527 1155 Etenim
542 1124 702 1155 Alcmenae
718 1124 840 1154 fratrem
858 1122 1002 1159 nothum,
1017 1121 1144 1162 Licym-
1174 1116 1214 1137 4⁴⁷·

109 1178 206 1217 nium,
221 1190 238 1209 e
254 1177 369 1208 Mideae
383 1177 519 1207 thalamo
528 1176 714 1214 venientem,
725 1175 809 1206 durae
831 1176 907 1205 olere
928 1178 1049 1215 sceptro
1075 1183 1144 1214 per-

110 1230 230 1260 cutiens
240 1229 354 1260 occidit
369 1228 520 1269 Tirynthe
531 1225 623 1268 hujus
638 1227 712 1258 olim
724 1231 812 1257 terrae
828 1225 968 1256 conditor
987 1224 1143 1265 (Tlepole-

111 1282 195 1322 mus)
223 1281 328 1311 iratus.
375 1280 427 1311 Sic
459 1278 570 1310 mentis
598 1277 844 1319 perturbationes
869 1286 1023 1307 oecaecare
1047 1276 1147 1306 solent

110 1331 203 1362 etiam
213 1331 394 1373 sapientem.
417 1330 584 1362 Oraculum
597 1334 699 1359 autem
710 1328 807 1370 petiit,
821 1328 858 1359 ad
867 1328 957 1358 deum
970 1327 1144 1368 profectus3

110 1401 154 1407 —
169 1387 297 1424 tumque
313 1383 498 1414 Auricomus
512 1381 590 1411 bene
605 1380 730 1411 odorato
739 1391 775 1410 ex
787 1378 976 1420 adytojussit
986 1389 1058 1409 eum
1069 1378 1144 1408 Ler-
1161 1387 1204 1417 Εμ.
1219 1389 1240 1409 9.

112 1445 182 1466 naeo
197 1445 214 1464 a
228 1434 455 1465 litorernavium
471 1433 598 1464 classem
614 1432 763 1463 deducere
778 1432 811 1463 in
827 1431 983 1472 regionem
1014 1430 1147 1471 undique
1176 1423 1215 1443 ⁵²³¹

113 1486 188 1517 mari
205 1485 350 1524 cinctam,
366 1486 419 1517 ubi
436 1484 592 1526 quondam
610 1495 740 1524 magnus
756 1484 882 1515 deorum
899 1493 952 1513 rex
967 1482 1064 1513 aureis
1087 1481 1146 1513 im-

115 1538 216 1568 bribus
232 1537 404 1578 irrigaverat
421 1537 538 1574 urbem,
556 1535 680 1576 quando
696 1534 827 1566 Vulcani
844 1533 970 1571 artibus,
987 1544 1074 1564 aenea
1097 1533 1146 1564 bi·

115 1589 219 1630 penui,
237 1589 377 1619 Minerva
392 1599 408 1619 e
424 1587 517 1629 patris
533 1598 657 1618 summo
673 1588 784 1618 vertice
800 1585 959 1628 prosiliens
987 1584 1150 1615 vociferata

116 1645 161 1671 est
176 1640 296 1682 ingenti
310 1641 454 1677 clamore,
464 1639 651 1679 Coelumque
660 1639 776 1670 horruit
786 1639 883 1679 ipsam
899 1641 929 1667 et
941 1635 1035 1667 Terra
1046 1641 1151 1666 mater.

119 1709 158 1716 —
173 1691 265 1722 Tunc
281 1691 371 1722 etiam
390 1691 561 1730 adfulgens,
579 1691 755 1721 mortalibus
771 1690 846 1721 deus
863 1687 1087 1729 Hyperionides
1100 1688 1151 1718 fu·
1165 1695 1212 1715 sn.
1225 1695 1247 1716 3.

116 1748 218 1774 turum
232 1742 387 1774 mandavit
398 1742 553 1772 observare
569 1741 728 1782 negotium
742 1741 811 1772 filiis
821 1740 895 1771 caris
908 1752 915 1770 :
939 1743 974 1770 ut
986 1739 1052 1770 deae
1062 1738 1152 1779 primi
1182 1729 1208 1749 ⁷¹

117 1794 282 1825 conderent
298 1804 378 1824 aram
397 1793 607 1834 conspicuam,
624 1797 654 1824 et
669 1793 726 1834 piis
742 1793 832 1824 sacris
849 1791 936 1823 factis
962 1802 1033 1821 cum
1057 1790 1153 1821 Patris

118 1846 257 1877 animum
273 1844 488 1881 exhilararent,
518 1848 585 1875 tum
613 1843 729 1875 Puellae
750 1843 946 1874 hastifremae.
991 1841 1146 1872 Virtutem

119 1901 220 1927 autem
237 1895 358 1937 injicere
373 1896 450 1926 solet
465 1900 495 1925 et
510 1895 695 1926 alacritatem
708 1894 883 1926 hominibus
903 1903 973 1933 erga
991 1892 1155 1933 prudenter

122 1953 301 1979 monentem
311 1947 487 1978 reverentia.
498 1965 540 1970 —
550 1947 611 1977 Sed
621 1946 813 1988 supervenire
822 1946 898 1976 solet
908 1944 1049 1985 quaedam
1061 1944 1153 1974 etiam
1169 1959 1222 1980 ΑΜ,
1232 1959 1255 1980 3,

121 1998 279 2029 oblivionis
294 2009 332 2028 ex
348 1998 511 2040 improviso
528 1999 625 2029 nubes
641 2002 671 2028 et
686 1998 784 2028 aufert
807 2008 846 2027 ex
872 1996 1027 2027 mentibus
1051 2006 1153 2026 rerum
1182 1993 1222 2014 ³²²·

122 2050 304 2090 agendarum
320 2055 434 2081 rectam
451 2050 543 2081 viam.
587 2049 715 2079 Etenim
728 2060 788 2079 non
801 2058 904 2079 secum
916 2050 1055 2086 gerentes
1065 2047 1154 2076 flam-

122 2111 182 2131 mae
198 2101 328 2132 ardentis
343 2112 447 2132 semen
463 2101 676 2138 ascenderunt,
688 2104 922 2140 struxeruntquc
936 2097 1154 2139 igne-carenti-

123 2152 179 2183 bus
195 2152 344 2184 sacrificiis
358 2154 459 2185 locum
476 2164 593 2185 sacrum
611 2152 729 2184 iuarcc.
776 2153 876 2193 Atque
893 2150 952 2182 illis
967 2149 1088 2192 quidem
1102 2150 1154 2180 ssa-
