1439 2437
454 466 494 516 P
514 466 562 515 Y
582 465 694 516 ΤΗ
719 465 741 514 I
765 465 822 517 A.

533 749 690 782 PYTH.
714 749 739 780 1.

147 859 256 899 HlE
266 858 413 899 RONI
447 858 702 903 AETNAEo,
725 855 921 898 SYRAC
932 857 1084 904 USIO,

543 993 722 1023 CURRU.

102 1110 137 1145 0
150 1127 258 1148 ΑυιιΕΑ
271 1117 394 1153 cithara,
410 1116 549 1157 Apollini
564 1115 725 1156 Musisque
741 1114 907 1145 flavicomis
923 1115 1066 1145 accinens
1080 1115 1128 1145 in·
1144 1118 1188 1142 Sir.
1205 1122 1226 1142 ι.

101 1173 318 1206 strumentum,
335 1178 427 1209 quam
458 1167 542 1197 audit
572 1166 680 1206 (chori)
699 1176 830 1206 gressu8‚
844 1165 961 1196 laetitiae
984 1166 1129 1197 sollennis

102 1219 222 1249 initium
234 1231 243 1257 3
269 1225 299 1250 et
318 1219 432 1261 (cujus)
449 1221 661 1259 obtemperant
677 1223 873 1247 concentores
886 1218 992 1259 signis,
1004 1217 1128 1249 choros-

100 1270 281 1302 ‹lucentium
306 1271 428 1312 quando
452 1271 637 1311 hymnorum
673 1268 820 1310 praeludia
852 1269 928 1299 facis
962 1279 1107 1300 resonans
1121 1270 1127 1300 !

101 1321 144 1352 Et
159 1321 350 1363 cuspidatum
367 1323 485 1353 fulmen
497 1320 669 1361 exstinguis
682 1319 818 1361 perpetui
832 1320 932 1360 ignis;
956 1320 1129 1361 dormitque

101 1384 191 1414 super
206 1378 325 1414 sceptro
335 1372 421 1404 Jovis
434 1373 543 1413 aquila,
554 1372 688 1401 velocem
699 1371 777 1401 alam
791 1370 941 1412 utrimque
951 1371 1129 1411 demittens,

100 1443 144 1448 —
159 1434 215 1455 rex
230 1424 332 1455 avium
345 1435 354 1462 3
379 1430 411 1454 et
426 1429 522 1454 atram
538 1422 660 1453 adunco
675 1421 741 1463 ejus
757 1421 850 1462 capiti
862 1422 1015 1460 nebulam,
1025 1424 1130 1464 palpe-
1145 1427 1202 1450 Ant.
1214 1428 1252 1450 13.

102 1478 220 1507 brarum
235 1486 324 1506 suave
342 1476 510 1506 claustrum
539 1473 696 1510 offundi83
720 1473 937 1514 dormiensque
963 1474 1014 1503 illa
1038 1475 1131 1505 molle

105 1524 276 1569 (inflexum)
295 1532 416 1567 tergum
433 1525 545 1556 attollit
562 1525 622 1556 tuis
638 1524 748 1554 ictibus
765 1524 900 1554 delinita.
923 1523 1009 1557 Quin
1038 1525 1130 1556 etiam

102 1579 252 1609 violentus
269 1578 365 1616 Mars,
392 1588 496 1618 aspera
525 1575 657 1617 seposita
684 1575 781 1606 hastae
797 1575 934 1615 cuspide,
950 1581 1064 1607 recreat
1081 1587 1132 1607 cor

103 1640 220 1672 sopore.
256 1628 333 1659 Tela
351 1630 519 1669 (sonorum)
549 1637 682 1667 numque
713 1627 807 1657 etiam
838 1626 962 1657 deorum
993 1629 1132 1658 mulcent

103 1682 221 1714 animos
245 1681 382 1711 Latoidae
409 1685 471 1710 arte
490 1679 606 1720 (missa)
638 1677 1128 1718 sinuosisque-pallis-indutarum

103 1730 474 1771 Musarum.--Quaequae
498 1741 567 1760 vero
591 1740 653 1760 non
677 1734 759 1759 amat
782 1728 917 1770 Jupiter,
944 1731 1130 1760 conturban-
1145 1730 1239 1762 *lp-‘25-

103 1789 152 1814 tur
170 1782 241 1822 (ea,)
260 1791 365 1811 vocem
384 1779 537 1810 Pieridum
553 1778 605 1809 ubi
622 1778 782 1815 audierint,
796 1788 848 1818 per
860 1783 968 1809 terram
990 1789 1130 1819 mareque

104 1833 290 1865 indomitum
303 1843 312 1870 ;
338 1831 449 1872 quique
465 1830 496 1860 iu
513 1829 663 1865 horrendo
678 1828 805 1859 Tartaro
815 1828 909 1870 jacet,
919 1830 1045 1860 deorum
1060 1829 1132 1860 hos-

103 1884 153 1922 tis,
167 1883 292 1924 Typhos
309 1882 475 1922 centiceps,
498 1892 590 1922 quem
614 1880 688 1910 olim
712 1879 856 1910 Cilicium
873 1880 1017 1910 enutrivit
1034 1882 1134 1911 samo-

105 1946 171 1967 sum
183 1942 302 1966 autrum
315 1946 323 1964 :
347 1945 430 1964 nunc
440 1943 509 1963 vero
523 1938 554 1963 et
563 1943 654 1973 supra
667 1931 782 1962 Cumas
800 1931 978 1972 mari-septa
988 1932 1088 1962 littora
1104 1938 1134 1963 et

105 1987 206 2018 Sicilia
214 1986 279 2027 ejus
290 1985 398 2028 premit
407 1992 529 2026 pectora
538 1984 664 2021 hirsuta,
675 1983 879 2023 columnaque
889 1983 1022 2013 coelestis
1033 1984 1132 2023 (eum)

106 2038 237 2076 cohibet,
253 2038 357 2068 nivosa
366 2037 474 2075 Aitna,
497 2046 550 2077 per
574 2040 672 2066 totum
691 2045 806 2064 annum
818 2033 894 2064 aeris
918 2034 994 2064 nivis
1011 2035 1134 2065 nutrix:

105 2109 149 2113 ——
165 2089 250 2131 cujus
265 2095 441 2120 eruc-tantur
457 2087 603 2118 inaccessi
634 2086 713 2126 ignis
737 2085 931 2126 liquidissimi
948 2097 984 2116 ex
1002 2087 1137 2116 cavernis
1150 2086 1230 2141 Saros!

107 2143 216 2180 sontes,
233 2141 378 2181 fluviique
392 2139 525 2170 interdiu
542 2137 729 2180 profundunt
748 2137 891 2168 vorticem
909 2137 988 2168 fumi
1004 2136 1137 2167 canden-
1203 2136 1208 2140 '
