1439 2437
494 160 717 192 CARMEN
742 160 801 193 111.
1129 163 1168 190 33

131 255 200 276 vero
215 245 391 286 reipublicae
408 245 670 278 administratione
682 246 874 287 rectilinguis
885 246 928 277 vir
941 249 1079 287 praestat,
1093 246 1166 276 etin

130 308 235 337 regno,
250 302 280 328 et
295 298 416 338 quando
432 299 623 329 tumultuans
639 299 780 340 populuS,
798 302 828 328 et
843 297 966 339 quando
979 308 1043 328 rem
1062 296 1166 337 publi-

130 359 196 379 cam
210 349 363 390 sapientes
381 354 498 381 tenent.
544 350 612 380 Nec
631 354 734 381 tamen
752 350 796 380 sas
810 355 856 380 cst
873 359 944 380 cum
961 348 1019 379 deo
1033 353 1165 378 conten-

128 399 206 437 dere,
219 420 264 425 —
279 402 331 442 qui
348 402 448 432 evehit
465 402 619 432 interdurn
630 402 753 442 quidem
768 412 814 432 res
826 401 957 439 illorum,
969 410 1053 431 nunc
1062 411 1165 430 rursus
1181 404 1263 446 szf‘·

128 461 197 482 vero
211 452 276 482 aliis
291 452 360 483 dare
377 454 453 483 solet
471 463 615 493 magnam
627 453 767 493 gloriam.
813 452 875 483 Sed
892 462 991 492 neque
1007 451 1075 482 haec
1092 452 1148 482 ui-
1195 440 1250 462 Μ’·

127 513 216 534 mum
242 504 363 544 placant
386 503 569 535 invidorum.
615 504 702 535 Dum
730 504 812 536 enim
837 500 988 534 trutinant
1025 503 1163 541 (alterius

127 554 221 593 bona)
238 555 325 586 lance
341 555 492 596 depressa,
510 566 565 586 suo
582 555 664 586 cordi
681 557 792 586 vulnus
808 554 1055 586 dolentissimum
1081 554 1163 585 infli-

124 604 195 645 ge're
209 607 318 645 solent,
334 611 498 648 antequam
512 617 558 645 ea,
574 618 644 648 quae
657 618 730 639 cum
747 605 953 637 sollicitudine
967 605 1164 643 meditantur,

127 657 339 698 adsequantur.
385 658 475 689 Ferre
500 669 570 689 vero
585 659 690 689 leviter
706 658 840 689 humeris
856 656 1034 698 impositum
1047 655 1160 697 jugum

121 707 228 749 juvat:
251 715 282 740 at
297 715 402 742 contra
426 711 586 742 stimulum
613 710 778 747 calcitrare,
803 714 848 739 est
877 706 1046 750 perniciosa
1072 708 1160 738 ratio.

122 759 286 792 Probatum
303 772 373 792 vero
388 761 477 792 liceat
493 772 541 792 me
558 772 630 792 cum
647 761 735 792 bonis
758 759 937 791 conversari.

520 948 678 984 PYTH.
699 948 761 984 111.

306 1040 570 1082 E1DEM
600 1039 975 1087 HIERONL

467 1153 591 1186 EQUO
624 1151 821 1179 CELETE.

121 1239 242 1282 Vnum
260 1248 425 1280 Chironem
442 1246 641 1288 Phillyridem
657 1259 664 1278 ε
689 1247 714 1277 si
730 1247 774 1277 sas
791 1251 847 1286 est,
864 1246 939 1278 illud
961 1258 1030 1279 mea
1050 1247 1159 1289 lingua
1172 1263 1216 1288 51„
1234 1268 1256 1288 1·

119 1303 242 1343 vulgare
269 1304 373 1342 optare
406 1298 525 1330 dietum
542 1310 550 1329 ε
576 1300 629 1337 (ex
644 1298 762 1338 vulgari
781 1298 914 1329 formula
925 1302 949 1338 :)
980 1299 1158 1330 reviviscere

119 1354 252 1393 (utinam
269 1351 475 1388 revivisceret)
493 1349 688 1388 defunctum,
707 1349 855 1381 Uranidae
872 1351 1008 1381 sobolem
1035 1361 1158 1392 praepo-

118 1410 235 1436 tentem
261 1403 398 1443 Saturni,
423 1401 612 1442 vallibusque
639 1400 741 1432 denuo
770 1401 917 1443 imperare
942 1402 1031 1441 Pelii,
1058 1403 1157 1433 ferum

117 1456 242 1498 quidem
267 1454 414 1496 (corporis
437 1452 554 1495 specie)
579 1457 743 1493 agrestem,
766 1452 819 1484 sed
855 1458 959 1484 mente
990 1453 1156 1495 praeditum

117 1507 294 1538 hominibus
312 1505 432 1544 amica3
450 1504 548 1546 qualis
564 1503 705 1534 educavit
720 1503 794 1534 olim
811 1505 958 1536 artificem
976 1505 1084 1535 mitem
1106 1504 1156 1535 in-

117 1558 261 1590 dolentiae
288 1555 563 1598 corpori-salutaris
588 1554 818 1596 AEsculapium,
847 1555 984 1594 heroem,
1013 1555 1155 1586 omnium

117 1609 360 1651 propulsatorem
377 1607 567 1644 morborum,
583 1625 627 1629 -
643 1616 736 1646 quem
754 1606 901 1647 equestris
919 1606 1067 1647 Phlegyae
1094 1606 1156 1637 filia
1170 1612 1226 1636 Am,
1244 1615 1279 1637 14.

116 1665 281 1701 antequam
298 1658 463 1700 peperisset
478 1668 551 1688 cum
576 1655 730 1698 (juvante)
753 1657 1072 1699 matribus-praesente
1087 1658 1156 1689 Lu-

116 1711 196 1750 cina,
212 1710 330 1741 domita
345 1708 442 1740 aureis
453 1707 572 1749 sagittis
588 1707 698 1738 Dianae
710 1707 741 1739 in
755 1707 897 1738 Plutonis
907 1709 1035 1739 domum
1046 1708 1076 1739 in
1088 1709 1157 1740 tha-

114 1763 197 1793 lamo
212 1759 369 1792 descendit
384 1771 475 1801 opera
491 1758 653 1801 Apollinis.
699 1760 748 1790 Ira
760 1759 842 1790 enim
858 1771 919 1790 non
937 1760 1019 1790 irrita
1033 1765 1079 1791 est
1094 1760 1155 1792 fili-

114 1824 201 1844 orum
225 1812 325 1843 Jovis.
369 1811 428 1842 Illa
451 1811 598 1841 nimirum
612 1815 772 1841 contemto
789 1811 865 1852 ipso,
883 1810 1041 1852 (Apolline
1058 1822 1156 1843 errore

114 1863 238 1902 mentis,
255 1863 328 1893 alias
345 1862 482 1904 probavit
499 1861 632 1901 nuptias,
648 1862 726 1892 clam
738 1865 833 1903 patre,
846 1866 938 1893 antea
948 1873 1021 1893 cum
1032 1862 1156 1894 intonso

114 1925 317 1945 consuescens
327 1913 461 1952 Phoebo,
474 1932 517 1935 —
527 1917 558 1943 et
568 1917 693 1953 gestans
705 1923 810 1943 semen
821 1912 871 1943 dei
881 1917 1034 1944 sanctum.
1079 1913 1154 1945 Non
1169 1926 1213 1957 Ep.
1235 1930 1255 1951 ι,

115 1964 259 1996 sustinuit
282 1964 424 1995 accedere
447 1963 482 1994 ad
500 1963 605 2005 epulas
624 1963 787 2005 nuptiales,
805 1975 905 2006 neque
921 1964 958 1995 ad
974 1963 1154 1995 omnisono-
1169 1962 1209 1984 ‘²⁷-

115 2026 182 2046 rum
198 2016 429 2056 hymenaeorum
445 2016 623 2053 clamorem,
640 2016 773 2056 aequales
789 2015 948 2056 quomodo
964 2015 1096 2056 virgines
1105 2027 1155 2046 so-

115 2067 178 2098 lent
202 2066 293 2097 sociae
309 2066 487 2108 vespertinis
506 2065 687 2107 juveniliter
703 2066 809 2099 ludere
833 2067 984 2098 cantibus.
1029 2067 1072 2098 At
1087 2078 1158 2098 vero

197 2127 265 2148 vot..
289 2127 324 2149 11.
626 2126 645 2147 ιτ
