1439 2437
111 1552 273 1585 nificentia,
302 1552 464 1586 sententiis,

384 178 451 205 DE
493 177 617 204 VITA
656 176 897 205 PINDARI.

407 266 578 301 Horatius
616 265 742 302 Carni.
764 268 812 302 ἰν.
832 266 869 301 2.

266 335 372 363 Monte
387 335 545 363 decurrens
558 334 640 362 velut
655 334 763 367 amnis,
779 335 888 363 imbres

266 383 365 413 Quem
384 390 473 418 super
485 384 572 409 notas
587 380 686 408 aluere
701 381 788 418 ripas,

266 428 382 461 Feruet,
395 428 619 464 immensusque
634 427 693 455 ruit
708 427 859 464 profundo

349 473 497 502 Pindarus
508 483 559 501 ore
573 485 582 508 3

267 520 382 549 Laurea
392 520 548 548 donandus
563 519 739 556 Apollinari,

268 567 327 595 Seu
342 576 394 604 per
408 567 532 595 audaces
545 576 622 594 nova
637 566 837 603 Dithyrambos

270 614 369 642 Verba
381 614 525 647 devolvit,
541 614 733 651 numerisque
745 614 839 642 fertur

348 659 430 699 Lege
445 660 550 689 solutis
566 672 575 695 ;

267 709 329 737 Seu
342 709 405 735 deos
419 716 533 744 regesve
548 707 640 740 canit,
653 707 765 734 deorum

267 756 447 792 Sanguinem,
461 764 513 792 per
522 763 597 791 quos
613 754 744 782 cecidere
755 753 837 789 justa

266 802 365 831 Morte
378 802 531 834 Centauri,
547 801 653 830 cecidit
667 801 831 830 tremendae

348 848 484 876 Flamma
498 848 656 876 Chimaerae
670 860 677 882 ς

269 894 338 922 Sive
352 903 426 931 quos
440 895 510 922 Elea
525 895 648 922 domum
664 894 778 922 reducit

271 942 371 970 Palma
386 942 521 973 caelestis,
534 942 696 978 pugilemve
708 951 843 978 equumve

268 987 350 1016 Dicit
363 991 393 1015 et
408 991 530 1015 centum
545 988 660 1024 potiore
673 988 769 1025 signis

348 1033 476 1061 Munere
491 1033 583 1062 donat
596 1047 605 1069 3

269 1079 376 1107 Flebili
390 1088 506 1116 sponsae
515 1078 700 1115 juvenemve
715 1084 832 1118 raptum

269 1127 380 1159 Plorat,
395 1131 425 1154 et
437 1128 514 1155 vires
529 1128 726 1165 animumque
739 1136 895 1164 moresque

270 1174 381 1202 Aureos
395 1173 495 1202 educit
510 1174 542 1202 in
555 1179 645 1208 astra,
659 1175 806 1213 nigroque

352 1219 473 1248 Invidet
488 1220 576 1249 Orco.

273 1265 373 1294 Multa
388 1265 540 1295 Direaeum
553 1268 633 1295 levat
648 1277 720 1296 aura
734 1276 872 1305 cycnum,

273 1312 395 1346 Tendit,
411 1313 538 1347 Antoni,
553 1314 670 1351 quoties
685 1314 717 1342 in
733 1314 810 1342 altos

271 1358 407 1389 Nubium
422 1364 541 1390 tractus.

344 1425 616 1464 Quinctilianus
636 1425 752 1462 Instit.
774 1425 843 1460 Or.
863 1437 902 1462 x.
925 1427 961 1461 1.
981 1426 1043 1462 61.

1136 178 1188 206 109

147 1506 265 1534 Novem
278 1515 347 1534 vero
359 1506 519 1544 lyricorum
533 1507 626 1545 longe
655 1508 794 1535 Pindarus
807 1507 894 1544 princ
902 1517 965 1545 eps,
979 1508 1100 1545 spiritus
1112 1517 1196 1547 mag-

505 1553 619 1591 figuris,
652 1554 826 1582 beatissima
854 1564 952 1583 rerum
978 1556 1197 1593 verborumque

112 1598 207 1635 copia,
221 1602 250 1626 et
262 1599 343 1626 velut
364 1599 493 1636 quodam
509 1600 687 1637 eloquentiae
703 1600 848 1637 flumine3
871 1605 991 1639 propter
1009 1611 1076 1639 quae
1099 1601 1198 1631 Hora-

113 1645 171 1673 tius
184 1653 252 1674 cum
267 1645 372 1674 merito
387 1645 510 1674 credidit
523 1647 638 1676 nemini
651 1647 837 1677 imitabilem.
