1439 2437
481 199 708 231 CARMEN
737 198 779 229 X.
1133 203 1169 229 21

140 283 214 315 riam
228 294 325 317 rerum
349 287 469 325 servat,)
497 286 548 317 ubi
573 286 643 316 belli
668 296 792 324 munus,
819 284 983 326 spoliorum
1011 284 1171 326 primitias,

142 337 268 377 partitus
286 337 498 376 immolaverit,
523 341 554 368 et
577 337 805 378 quinquennale
829 338 982 377 quomodo
1008 337 1172 368 instituerit

142 387 273 426 festum3
299 389 330 419 in
344 388 527 430 Olympiade
544 388 641 430 prima
657 388 840 429 victoriaque
856 389 925 429 quis
941 392 1096 419 recentem
1123 399 1171 418 re·

141 440 304 479 portaverit
320 440 461 471 manibus
474 440 663 481 pedibusque
677 444 708 470 et
722 440 860 471 curribus
876 439 1033 470 victoriam
1050 439 1082 470 in
1092 439 1171 469 ludis

142 497 348 533 consequutus
375 491 503 532 gloriose
526 491 692 522 certamine
716 491 821 522 victor.
848 510 892 514 —
916 491 1022 521 stadio
1047 490 1170 531 quidem
1184 492 1230 514 SM·-
1240 494 1265 531 1*-

141 541 214 573 vicit
227 548 308 573 recto
322 553 411 574 cursu
425 542 552 584 pedibus
568 553 690 573 currens
707 542 787 573 filius
804 542 958 584 Licymnii
972 542 1108 579 OEonus,
1119 541 1172 582 qui
1218 527 1256 548 η’

142 599 263 624 venerat
279 605 314 624 ex
332 593 438 624 Midea
453 594 503 624 cui
517 593 686 634 imperabat
700 605 708 631 ;
736 593 787 624 sed
804 594 886 624 lucta
901 594 1048 624 illustrem
1073 593 1172 624 reddi-

141 645 186 676 dit
203 645 359 677 Echemus
375 645 533 686 Tegeam3
557 645 709 685 Doryclus
738 655 806 675 vero
830 645 994 686 praemium
1020 645 1174 686 pugilatus

141 696 222 734 tulit,
251 696 433 737 Tirynthem
457 696 594 727 incolens
618 697 734 726 urbem.
780 696 943 737 Quadrigis
965 701 1068 727 autem
1091 715 1135 719 --
1157 707 1174 726 e
1190 697 1244 738 Aug.
1259 698 1284 719 4.

141 747 304 777 Mantinea
319 747 431 777 Scmus
450 748 635 785 canebatur3
660 752 690 778 et
702 746 808 789 jaculo
825 747 968 778 Phrastor
982 747 1085 788 attigit
1106 758 1174 777 sco·
1221 731 1262 751 δι’

139 809 236 840 pu1n3
259 808 332 828 saxo
348 802 450 828 autem
471 798 571 838 (disci)
592 798 728 829 Eniceus
739 798 814 839 jecit
829 798 861 829 in
878 799 1017 839 longum,
1046 809 1172 829 manum

143 849 374 887 circumrotans,
389 860 480 890 supra
494 860 614 887 omnes,
631 854 662 879 et
677 850 817 881 sodalitio
841 849 1095 880 acclamationem
1120 860 1174 879 ex-

141 902 248 942 pressit
265 911 420 941 magnam.
466 900 548 931 Tum
566 911 720 941 vesperam
746 901 908 931 illustravit
935 901 1049 941 pulerae
1074 900 1174 930 Lunae

142 953 272 983 amabile
285 953 401 990 lumen,
418 971 462 975 —
476 953 717 993 personabatque
734 956 832 982 totum
846 951 1005 982 delubrum
1023 951 1100 981 inter
1119 950 1174 992 ju-
1190 958 1266 988 Epod.

142 1004 257 1034 cundas
273 1004 378 1044 epulas
395 1003 561 1034 laudatorio
577 1008 680 1034 cantu.
727 1003 894 1034 Primordia
909 1013 977 1033 vero
1001 1003 1052 1033 illa
1077 1003 1175 1043 prisca
1189 994 1211 1014 4‘
1229 993 1267 1014 92.

141 1054 251 1092 secuti,
267 1055 449 1093 etiamnum,
460 1055 646 1095 cognomine
659 1054 752 1085 decus
769 1055 904 1086 victoriae
921 1055 1070 1096 superbae,
1091 1055 1173 1084 cele-

142 1105 295 1136 brabimus
312 1106 439 1141 tonitru,
455 1106 642 1146 rubenteque
658 1106 764 1136 dextra
796 1106 925 1136 missum
949 1107 1046 1136 telum
1074 1106 1173 1146 gravi-

139 1156 230 1197 strepi
239 1155 337 1194 Jovis,
350 1156 457 1187 ardens
469 1157 599 1195 fulmen,
609 1167 729 1187 summa
739 1168 809 1187 cum
826 1156 866 1195 vi,
880 1157 1010 1196 (manui)
1024 1161 1174 1198 aptatum.

138 1207 237 1238 Tibiae
263 1213 364 1238 autem
389 1208 581 1249 respondebit
605 1208 704 1239 suavis
730 1208 898 1239 modulatio
924 1208 1106 1247 carminum,
1130 1221 1272 1244 ——Str.5.

140 1269 210 1299 quae
226 1258 305 1300 apud
322 1259 458 1289 inclitam
476 1258 601 1290 Dircem
620 1270 685 1289 sero
697 1260 819 1301 quidem
835 1259 1022 1300 prodierunt.
1068 1259 1130 1290 Sed
1140 1263 1173 1290 ut
1207 1256 1258 1276 ¹⁰¹·

136 1309 215 1340 filius
231 1320 269 1340 ex
285 1321 376 1340 uxore
394 1310 470 1351 patri
482 1316 585 1351 gratus
600 1315 645 1341 est
668 1311 705 1341 ad
725 1310 882 1352 juventuti
902 1309 969 1351 jam
999 1312 1171 1353 oppositam

139 1365 253 1391 metam
264 1365 416 1402 provectO,
429 1361 622 1402 maximeque
633 1361 771 1392 incendit
782 1372 884 1392 amore
895 1361 1034 1393 animum
1045 1374 1054 1400 3
1071 1373 1170 1403 quan-

137 1411 299 1452 doquidem
316 1412 436 1442 divitias
457 1413 594 1453 accipere
619 1413 782 1444 dominum
807 1412 993 1443 adscititium
1024 1413 1170 1452 alienum,

138 1462 280 1493 morienti
296 1462 502 1494 tristissimum
521 1463 572 1493 fit:
597 1483 640 1487 ——
655 1464 708 1502 sic,
725 1464 751 1494 si
768 1463 818 1494 cui
834 1464 924 1494 rebus
945 1464 1049 1504 pulcre
1077 1464 1169 1504 gestis
1186 1471 1241 1493 Ano.
1254 1474 1276 1495 5.

137 1515 250 1554 absque
263 1514 408 1553 carmine,
422 1514 616 1555 Agesidame,
627 1515 664 1545 ad
676 1514 816 1545 Plutonis
830 1514 923 1544 limen
934 1515 971 1545 sit
981 1515 1169 1552 abeundum,
1203 1506 1256 1527 ¹⁰⁹⁴

137 1565 267 1596 inaniter
282 1571 445 1606 postquam
459 1566 617 1604 laboravit,
630 1567 753 1597 brevem
767 1577 821 1607 pro
831 1566 932 1596 labore
945 1567 1078 1597 fructum
1093 1578 1168 1597 con-

136 1616 284 1656 sequitur.
328 1615 400 1646 Tibi
413 1627 482 1647 vero
495 1616 716 1658 dulcisonaque
725 1618 788 1657 lyra
801 1616 959 1657 dulcisque
973 1618 1047 1648 tibia
1058 1617 1168 1648 adfun-

137 1667 182 1697 dit
197 1666 299 1704 decuS,
316 1667 513 1707 praebentque
529 1668 661 1709 amplam
679 1668 807 1708 gloriam
824 1667 897 1697 filiae
915 1667 1047 1699 Pierides
1069 1668 1169 1700 Jovis.

135 1737 179 1742 —
194 1716 264 1757 Ego
279 1721 392 1754 autem,
410 1718 571 1748 comitatus
587 1729 648 1756 eas,
665 1718 798 1749 studiose
814 1719 924 1748 claram
949 1724 1074 1760 gentem
1102 1720 1166 1751 Lo—
1184 1733 1226 1763 131„
1237 1736 1260 1757 5⁷

136 1778 253 1799 crorum
271 1768 430 1808 amplexus
447 1779 529 1807 sum,
547 1770 697 1810 melleque
714 1768 956 1809 viris-insignem
975 1771 1079 1801 urbem
1098 1771 1165 1802 irri-
1197 1768 1250 1789 ¹¹⁷·

135 1829 223 1860 gans,
239 1818 335 1848 filium
351 1819 512 1850 amabilem
528 1820 718 1851 Archestrati
735 1819 854 1851 laudavi
868 1831 876 1857 3
902 1831 993 1861 quem
1011 1821 1073 1852 vidi
1097 1823 1165 1853 vin-

137 1875 255 1901 centem
281 1880 389 1900 manus
411 1871 516 1901 robore
538 1882 619 1902 aram
644 1871 724 1913 apud
747 1872 955 1912 Olympieam,
980 1873 1057 1903 illud
1086 1874 1166 1904 circa

131 1925 255 1961 tempus
268 1921 423 1961 formaque
433 1922 570 1962 pulcrum
582 1922 744 1963 floridaque
755 1927 844 1953 aetate
856 1923 1073 1962 constitutum,
1094 1935 1163 1966 quae

134 1971 253 2002 avidam
267 1981 284 2001 a
300 1970 479 2012 Ganymede
496 1978 622 2005 mortem
641 1974 829 2015 propulsavit
845 1974 960 2005 auxilio
977 1974 1113 2007 Veneris.
