1439 2437
420 136 653 168 CARMEN
679 135 735 166 Vl.
1074 135 1113 162 95

456 451 640 488 ISTHM.
669 451 728 486 VI.

300 586 942 633 ‘PHYLACIDAE

370 741 546 761 PANCRA'HO
571 740 667 759 INTER
690 739 818 758 PUEROS.

85 865 268 904 anmvrs
293 867 454 898 hominum
487 865 570 895 velut
597 864 736 895 convivio
768 864 939 895 secundum
965 869 1109 895 craterem
1126 869 1163 892 Str
1184 872 1205 893 ι.

80 921 267 952 musicorum
286 915 457 948 carminum
475 914 640 944 miscemus
656 923 711 953 pro
728 913 897 954 Lamponis
907 919 1112 945 strenue-cer-

79 976 163 1002 tante
179 969 332 1011 progenie.
357 966 486 996 Nemeae
512 964 634 1005 quidem
666 963 813 1004 primum,
842 975 860 995 ο
884 964 1018 1006 Jupiter,
1046 966 1113 1004 tibi,

78 1023 149 1053 flore
165 1024 293 1061 accepto
317 1027 517 1053 coronarum;
543 1026 627 1046 nunc
652 1019 756 1046 autem
783 1016 815 1046 in
841 1016 962 1047 Isthmo
986 1017 1114 1047 domino

80 1072 171 1115 (ejus,
203 1070 364 1112 Neptuno)
407 1067 653 1108 Nereidibusque
698 1067 934 1109 quinquaginta,
981 1068 1114 1099 filiorum

83 1122 283 1165 (Lamponis)
308 1126 382 1152 natu
408 1119 539 1151 minimo
566 1117 732 1159 Phylacida
755 1119 910 1151 vincente.
947 1120 1117 1161 Contingat

82 1180 198 1213 autem,
214 1174 338 1205 tertium
357 1173 506 1214 (quoque)
525 1171 677 1201 Servatori
694 1171 890 1211 propinantes
904 1172 1053 1213 Olympio
1068 1175 1118 1212 (ut

81 1227 250 1267 possimus)
273 1224 421 1265 AEginam
439 1222 621 1264 perfundere
649 1222 817 1253 mellisonis
845 1223 1052 1254 carminibus!
1084 1244 1106 1245 ψ
1130 1232 1187 1254 Aut.
1201 1232 1240 1253 14.

81 1278 116 1308 Si
127 1277 194 1319 quis
204 1276 285 1307 enirn
302 1275 477 1312 hominum,
493 1278 660 1314 sumtuque
669 1273 837 1305 delectatus
854 1279 884 1305 et
900 1276 1013 1314 labore,
1029 1286 1116 1306 exer-

81 1333 131 1359 cet
143 1328 258 1359 divinas
272 1327 408 1364 virtutes,
425 1326 578 1366 simulque
595 1325 621 1355 ei
635 1325 758 1355 fortuna
774 1326 847 1357 serit
857 1327 984 1367 gloriam
1000 1328 1120 1358 amabi-

80 1380 158 1417 lem3
178 1380 203 1410 is
215 1378 280 1420 jam
297 1378 334 1408 ad
351 1378 475 1408 ultimos
491 1377 566 1407 fines
583 1375 818 1418 felicitatisjacit
834 1389 991 1417 ancoram,
1008 1379 1120 1409 divini-

81 1431 324 1462 tus-honoratus.
347 1429 436 1459 Talia
451 1428 551 1459 studia
564 1432 687 1458 secutus
697 1434 785 1470 optat
797 1435 926 1460 mortem
945 1437 1120 1462 senectam-

81 1492 140 1524 que
150 1481 288 1522 excipere
299 1491 406 1511 canam
419 1479 556 1510 Cleonici
567 1479 656 1510 filius,
681 1479 751 1520 Ego
759 1491 828 1511 vero
838 1481 1033 1513 altithronam
1046 1483 1120 1513 Clo-

83 1533 137 1563 tho
154 1542 330 1573 sororesque
348 1530 455 1561 Parcas
471 1541 588 1571 precor,
606 1535 638 1560 ut
662 1531 869 1571 obsequantur
900 1533 1013 1564 inclitis
1028 1535 1121 1565 amici

83 1584 236 1625 precibus.
271 1601 314 1604 —
330 1581 465 1622 Vosque,
481 1592 499 1611 o
515 1581 925 1622 aureis-curribus·insignes
969 1584 1122 1625 AEacidae,
1140 1589 1185 1620 Ep.
1202 1591 1240 1613 ⁴:⁷-

84 1634 258 1665 institutum
278 1633 355 1664 mihi
384 1634 526 1674 profiteor
543 1632 748 1664 certissimum
767 1645 842 1672 esse,
860 1636 978 1676 quoties
996 1637 1026 1667 iu
1044 1637 1123 1668 hanc

85 1686 250 1724 (carmine)
270 1685 371 1715 incido
384 1685 528 1722 insulam,
558 1684 737 1726 adspergere
767 1686 920 1717 laudibus.
945 1689 1123 1721 Innumerae

84 1736 167 1767 enim
185 1740 256 1766 sunt
286 1736 458 1766 facinorum
476 1737 691 1777 praeclarorum
726 1749 793 1776 quae
814 1739 954 1771 AEacidae
986 1741 1122 1779 edidere)

85 1787 410 1828 centum-pedes-latae
428 1786 657 1828 (amplissimae)
676 1788 824 1820 continuo
841 1790 898 1821 viae
915 1796 944 1822 et
961 1793 1041 1822 ultra
1058 1792 1124 1824 Nili

83 1848 179 1879 usque
188 1839 288 1868 fontes
303 1843 333 1868 et
344 1848 396 1879 per
411 1838 643 1878 Hyperboreos:
662 1850 762 1880 neque
778 1846 824 1872 est
848 1841 890 1872 ita
907 1843 1032 1874 barbara
1047 1850 1125 1875 auta

84 1888 191 1929 lingua
206 1893 309 1919 nostra
325 1889 424 1919 aliena
440 1889 558 1927 civitas,
575 1890 650 1931 quin
667 1890 748 1922 Pelei
770 1894 848 1924 norit
865 1894 994 1933 gloriam
1012 1895 1122 1934 herois,

86 1939 182 1970 felicis
192 1940 295 1980 generi
308 1940 433 1971 deorum
447 1945 555 1971 :—aut
573 1942 647 1982 quin
657 1942 759 1984 Ajacis
772 1945 1004 1977 Telamoniadae
1020 1952 1050 1978 et
1066 1959 1121 1989 pa·
1136 1950 1183 1974 Str.
1193 1954 1217 1977 2.

88 1990 151 2021 tris.
175 1991 277 2024 Quem
292 1991 522 2031 (Telamonem)
533 1993 839 2035 armis-gaudentem,
857 1998 893 2028 ad
908 1999 1020 2029 bellum
1034 1999 1124 2031 duxit
1157 1986 1198 2008 3⁵⁴

88 2052 162 2073 cum
189 2041 359 2083 Tirynthiis
377 2049 533 2085 promtum
550 2045 764 2078 belli-socium
782 2048 819 2079 ad
835 2049 975 2090 Trojam,
994 2051 1121 2082 heroum

90 2093 233 2132 laborem,
251 2093 507 2127 Laomedontium
525 2096 564 2127 ob
580 2096 740 2137 delictum,
757 2100 896 2139 navibus,
909 2101 1071 2134 Alcmena}
1089 2103 1125 2134 fi-
