1439 2437
195 1025 245 1049 Str.
260 1027 283 1048 l.

193 1427 244 1452 Str.
257 1430 282 1452 ἳ-

214 1464 252 1484 19.

287 200 326 228 96
693 202 956 235 OLYMPIA.

289 290 482 333 Eleusisque‚
511 297 543 323 et
559 295 703 334 opulenta
735 297 911 336 Marathon,
939 300 1057 340 subque
1074 297 1172 330 AEtna
1196 299 1321 341 altijuga

290 342 560 374 divitiis-florentes
587 346 685 383 urbes,
701 351 732 376 et
748 346 881 379 Euboea.
926 349 969 379 Et
985 354 1079 381 totam
1097 361 1149 391 per
1165 350 1323 381 Graeciam

293 394 428 424 invenies
454 394 606 435 inquirens
636 396 722 436 plura
752 408 847 438 quam
874 410 944 440 quae
975 411 1189 442 recognoscere
1219 401 1326 442 possis.

293 445 354 475 Sed
368 450 400 474 ut
415 445 530 475 levibus
554 446 718 485 procedant
733 448 869 489 pedibus,
888 451 936 488 (ut
951 451 1032 481 felici
1048 462 1188 482 successu
1203 456 1326 481 utantur

293 495 417 526 tribules
441 496 664 536 Oligaethidae‚)
691 508 710 528 o
727 499 857 540 Jupiter,
874 500 977 540 facito,
994 502 1172 533 modestiam
1189 502 1325 533 tribuen-

293 546 333 577 do
348 551 378 576 et
394 548 544 577 fortunam
562 547 752 580 victoriarum
768 551 900 582 dulcem.

595 720 794 757 OLYM.
824 723 921 759 XIV.

318 818 720 860 ASOPICHO
767 821 1302 869 ORCHOMENIQ

430 929 575 957 INTER
596 930 780 959 PUEROS
810 932 969 962 CURSU
994 932 1202 961 VICTORI.

298 1013 532 1046 Csspfflsmmm
546 1026 693 1057 aquarum
710 1029 778 1059 quae
796 1018 894 1049 colitis
912 1019 1260 1060 pulcris-equis-claram
1276 1029 1323 1048 se-

295 1065 377 1103 dem,
393 1077 412 1095 o
427 1065 527 1096 divitis
544 1068 677 1098 celebres
693 1070 807 1110 reginae
825 1070 941 1101 Gratiae
958 1069 1159 1107 orchomeni,
1175 1070 1319 1109 antiquo-

294 1127 362 1147 rum
389 1116 565 1157 MInyarum
592 1120 745 1159 praesides,
770 1121 882 1159 audite,
906 1120 980 1151 dum
1006 1130 1108 1161 preces
1130 1120 1236 1150 fundo.
1266 1119 1323 1150 Per

294 1178 347 1198 vos
363 1167 444 1198 enim
456 1169 593 1209 jucunda
608 1175 638 1200 et
653 1170 754 1201 dulcia
783 1172 927 1202 eveniunt
955 1172 1060 1201 omnia
1084 1171 1268 1208 hominibus,
1289 1174 1323 1199 ut

294 1219 426 1258 sapiens,
443 1225 479 1249 ut
494 1221 603 1259 bonus,
620 1226 654 1251 ut
669 1222 736 1262 quis
764 1222 942 1263 splendidus
958 1222 1003 1252 vir
1018 1222 1067 1252 sit.
1112 1222 1223 1262 Neque
1239 1219 1322 1250 enim

294 1270 335 1301 dii
353 1271 532 1302 venerandis
545 1273 658 1313 absque
674 1272 790 1303 Gratiis
800 1273 996 1303 moderantur
1005 1278 1056 1303 aut
1070 1273 1176 1303 choros
1187 1276 1240 1302 aut
1249 1282 1322 1301 con-

294 1321 391 1352 vivia:
415 1322 479 1359 sed,
494 1323 635 1353 omnium
649 1323 892 1364 dispensatrices,
902 1334 971 1364 quae
982 1323 1059 1354 fiunt
1069 1323 1099 1353 in
1111 1323 1202 1359 coelo,
1212 1332 1322 1352 aureo-

295 1373 539 1413 arcu-insignem
565 1374 710 1404 habentes
722 1373 814 1415 juxta
831 1374 976 1415 Pythium
994 1374 1169 1415 Apollinem
1186 1373 1324 1410 thronos,

296 1425 515 1465 sempiternum
535 1426 642 1455 colunt
658 1425 750 1466 patris
765 1426 903 1467 Olympii
916 1426 1073 1456 honorem.
1089 1446 1132 1449 —
1147 1425 1326 1456 Veneranda

296 1475 416 1516 Aglaia,
448 1480 781 1516 cantuumque-amans
817 1476 1028 1517 Euphrosyne,
1055 1477 1181 1507 deorum
1211 1475 1325 1506 summi

296 1526 379 1565 filiae,
396 1526 537 1557 exaudite
554 1537 647 1560 nunc,
666 1531 770 1567 tuque,
794 1527 904 1557 Thalia
920 1532 1068 1557 cantuum
1081 1537 1200 1564 amans,
1218 1526 1323 1567 adspi-

296 1578 379 1609 ciens
388 1578 467 1608 hanc
477 1588 622 1618 pompam
638 1578 678 1607 ob
696 1578 857 1618 propitiam
874 1577 1035 1617 (victoriae)
1049 1582 1160 1608 sortem
1172 1577 1229 1607 levi
1242 1587 1325 1616 gres·

296 1642 333 1661 su
349 1629 554 1660 incedentem.
598 1628 702 1669 Lydiis
729 1629 811 1659 enim
829 1628 1021 1668 Asopichum
1054 1627 1151 1658 modis
1179 1627 1324 1658 carmini-

296 1682 417 1722 busque
432 1684 468 1710 ut
482 1680 675 1715 celebrarem,
693 1679 779 1709 veni:
805 1678 949 1720 quoniam
975 1677 1244 1718 Olmpi'ca-victrix
1260 1677 1323 1708 Mi-

296 1743 373 1773 nyea
391 1731 630 1770 (Orchomenus)
651 1735 746 1771 perte
762 1735 817 1760 est.
863 1729 910 1760 Ad
938 1734 1032 1759 atram
1048 1729 1174 1759 domum
1200 1727 1322 1759 Proser-

295 1784 377 1825 pinae
390 1782 444 1819 ito,
460 1793 479 1811 ο
495 1781 601 1819 Fama,
619 1782 695 1821 patri
712 1782 862 1812 celebrem
873 1781 1009 1811 adferens
1023 1779 1179 1817 nuntium,
1193 1779 1323 1811 Cleoda-

296 1845 382 1865 mum
400 1838 433 1863 ut
451 1832 634 1873 conspicata.
652 1832 749 1863 filium
765 1831 842 1872 (ejus
859 1831 1059 1872 Asopichum)
1079 1831 1187 1860 referas
1197 1829 1322 1871 juveni-

296 1888 356 1917 lem
373 1884 430 1915 sibi
447 1883 482 1914 ad
499 1894 632 1914 recessus
648 1883 770 1913 illustris
788 1883 866 1913 Pisae
883 1892 1039 1912 coronasse
1067 1881 1239 1911 inclitorum
1256 1892 1320 1912 cer-

296 1936 448 1967 taminum
462 1934 516 1965 alis
534 1934 680 1974 (praemiis
694 1934 724 1964 in
741 1933 872 1964 sublime
887 1932 1093 1971 efferentibus)
1110 1942 1241 1962 comam.
