1439 2437
307 212 347 239 24
686 207 945 238 OLYMPIA.

304 295 463 325 volucrum
480 303 580 333 regem
597 302 641 332 ge·
652 292 769 322 minum
781 292 951 333 (fastigium
971 293 1008 323 ab
1020 291 1121 333 aquila
1136 294 1248 322 aetoma
1259 286 1326 319 dic-1
1340 300 1342 303 ·

304 347 386 384 tum)
411 343 592 375 constituit?
617 343 710 373 Musa
732 353 802 373 vero
826 343 1059 384 suave-spirans,
1084 347 1115 373 et
1139 341 1223 371 Mars
1239 340 1270 370 in
1291 348 1327 369 ea

205 401 251 442 δυο.
270 403 289 423 2.
304 396 398 433 floret,
411 394 561 436 juvenum
587 394 617 424 in
634 394 772 423 exitiosis
788 394 910 433 praeliis.
933 412 977 416 —
999 394 1027 423 O
1045 404 1176 430 summe,
1192 391 1325 422 late-do-

235 436 266 456 04

269 450 275 456 ”
304 445 423 476 minans
439 444 605 485 Olympiae,
622 454 659 474 ne
675 454 794 474 aversus
811 443 995 474 carminibus
1017 444 1067 482 sis,
1084 450 1113 474 et
1129 455 1182 485 per
1203 449 1325 482 tempus

300 507 403 534 omne,
419 495 541 536 Jupiter
564 495 662 533 Pater,
679 494 798 525 huncce
820 495 967 535 populum
991 495 1177 525 incolumem
1194 503 1325 529 servanS,

300 546 516 587 Xenophontis
526 545 620 586 dirige
633 546 762 576 fortunae
779 550 914 575 ventum.
959 545 1074 586 Accipe
1088 545 1179 575 etiam
1190 543 1255 585 ejus
1271 554 1324 574 co-

299 608 440 628 ronarum
454 596 653 627 laudatorium
667 606 799 633 carmen,
816 595 896 636 quod
911 600 1044 636 reportat
1059 606 1097 626 ex
1113 595 1228 636 eampis
1244 594 1324 625 Pisae

299 648 330 678 in
348 647 552 689 quinquertiO,
569 647 719 686 simulque
735 645 823 676 stadii
840 645 962 676 vincens
979 657 1079 676 cursu.
1124 646 1197 676 Non
1215 656 1324 676 conse-

194 707 283 731 Anv.⁶2.
300 704 387 729 cutus
403 704 449 729 est
466 698 532 728 haec
556 698 688 728 mortalis
710 708 855 738 umquam
878 696 986 738 aliquis
1006 702 1104 728 antea.
1128 714 1167 720 —
1188 697 1323 738 Duoque

265 757 270 763 '
297 750 398 790 ipsum
415 753 555 779 texerunt
568 749 662 789 plexu
677 754 755 779 serta
765 748 866 789 apiiin
876 747 1095 779 Isthmiadibus
1111 748 1322 789 prodeuntem,

297 810 396 840 neque
412 800 531 829 Nemea
546 799 732 839 refragantur
745 799 790 838 (in
807 798 934 830 Nemeis
957 798 1038 829 idem
1061 800 1187 838 evenit).
1226 798 1324 829 Patris

295 856 399 881 autem
416 849 553 881 Thessali
570 849 606 879 ad
629 849 741 890 Alphei
765 851 880 881 fluenta
902 850 994 881 decus
1017 851 1130 891 pedum
1154 850 1320 892 repositum

296 907 360 940 est3
376 905 497 939 (cursus
521 901 667 931 memoria
690 906 865 932 consecrata
880 907 925 932 est
937 905 963 940 3)
987 902 1176 943 Delphisque
1190 907 1319 943 reporta-

296 954 338 984 vit
354 953 444 983 stadii
460 952 616 982 victoriam
630 951 783 993 diaulique
793 953 855 983 sole
867 963 946 991 uno;
963 964 1126 995 menseque
1143 953 1201 994 ipsi
1213 954 1320 984 eodem

295 1004 405 1045 asperis
421 1003 550 1034 Athenis
566 1002 622 1032 tria
637 1013 708 1033 sane
724 1004 861 1034 laborum
875 1004 1001 1044 praemia
1017 1005 1102 1034 velox
1115 1003 1178 1034 dies
1188 1004 1320 1035 circum-

201 1065 269 1103 qua
294 1056 376 1087 dedit
391 1054 570 1096 pulcerrima
585 1054 788 1085 comis.-1n
804 1055 1007 1097 Hellotiisque
1020 1057 1140 1097 septies,
1177 1055 1213 1086 In
1232 1056 1321 1087 mari-

212 1103 233 1120 “”’“
248 1101 279 1121 ³5
295 1107 402 1137 cinctis
428 1106 593 1145 (Isthmiis)
621 1111 723 1136 autem
744 1106 883 1147 Neptuni
914 1108 1140 1146 certaminibus,
1158 1108 1321 1139 Ptoeodoro

226 1402 264 1424 07.

296 1169 366 1188 cum
382 1163 476 1198 patre,
494 1157 592 1197 plures
606 1162 636 1186 et
652 1157 806 1196 praeclarae
822 1158 925 1188 laudes
937 1169 1005 1189 eum
1019 1164 1196 1200 sequentur.
1234 1158 1320 1191 Quo-

295 1209 351 1239 ties
374 1209 465 1238 etiam
491 1207 621 1248 Delphis
645 1208 768 1245 vicistis,
792 1208 884 1250 inque
907 1211 985 1240 saltu
1009 1209 1122 1240 leonis!
1150 1210 1319 1250 (Nemeae).

295 1260 387 1290 Certo
400 1270 470 1289 cuin
490 1259 593 1288 multis
609 1258 645 1288 de
663 1259 857 1289 multitudine
873 1260 903 1290 in
921 1261 967 1290 his
985 1261 1129 1302 praeclare
1142 1266 1317 1301 gestorum5

296 1317 328 1341 ut
344 1322 414 1341 sane
430 1310 547 1351 liquido
563 1320 624 1339 non
649 1310 744 1340 norim
762 1321 913 1341 recensere
928 1311 1112 1342 marinorum
1130 1312 1318 1342 calculorum

255 1370 278 1391 3.
294 1373 467 1393 numerum,
491 1380 532 1385 —
556 1361 625 1390 Stat
648 1371 717 1391 vero
741 1372 812 1392 suus
829 1361 936 1402 cuique
952 1362 992 1392 rei
1017 1362 1136 1400 modus,
1153 1361 1240 1403 cujus
1262 1373 1318 1402 op—

292 1413 511 1454 portunitatem
536 1412 712 1451 intelligere,
736 1412 888 1453 optimum
912 1419 966 1442 est.
1012 1411 1095 1444 Quin
1112 1423 1169 1453 ego
1185 1413 1318 1453 privatus

293 1464 416 1505 (privati
440 1463 572 1494 bominis
587 1463 729 1493 laudandi
752 1467 869 1503 caussa)
896 1474 1077 1504 progressus,
1102 1464 1221 1504 publice
1244 1474 1317 1504 pru-

291 1515 486 1556 dentiamque
500 1514 649 1545 laudando
663 1513 824 1555 majorum,
834 1515 969 1555 bellaque
983 1514 1101 1544 heroica
1113 1514 1222 1544 virtute
1238 1515 1317 1554 (ges-

291 1569 335 1603 ta)
353 1577 413 1596 non
432 1565 560 1596 mentiar
576 1568 658 1604 (vera
674 1565 812 1603 narrabo)
828 1565 866 1595 de
883 1564 1048 1595 Corintho:
1073 1564 1236 1605 Sisyphum
1250 1565 1317 1605 qui-

291 1618 359 1648 dem
371 1616 611 1647 sollertissimum
623 1615 753 1646 artificiis
764 1621 796 1646 ut
805 1616 912 1653 deum3
924 1621 953 1645 et
964 1621 1046 1656 patre
1057 1615 1151 1645 invito
1159 1620 1316 1656 parantem

293 1668 413 1709 nuptias
429 1668 486 1698 sibi
503 1668 657 1704 Medeam,
675 1668 758 1697 navis
771 1667 959 1697 servatricem
976 1668 1077 1707 Argus
1093 1672 1123 1697 ct
1139 1672 1314 1697 vectorum:

188 1715 244 1738 Am·
257 1716 279 1737 3·
291 1740 334 1743 --
357 1725 386 1749 ct
401 1719 556 1759 quomodo
571 1719 643 1748 olim
669 1719 783 1748 fortiter
799 1724 869 1749 ante
886 1718 1021 1748 Dardani
1038 1728 1140 1748 muros
1164 1717 1218 1748 visi
1243 1723 1316 1749 sunt

220 1749 260 1770 78.

200 2079 266 2108 131)an

203 2114 225 2134 S.
236 2115 266 2135 ΒΞ)

291 1771 321 1802 in
339 1779 497 1810 utramque
515 1775 628 1810 partem
647 1780 818 1810 pugnarum
836 1769 932 1799 facere
948 1769 1075 1806 exitum,
1092 1768 1175 1798 alteri
1190 1768 1314 1808 quidem

290 1833 360 1853 cum
379 1821 520 1862 progenie
538 1831 605 1851 cara
627 1821 724 1857 Atrei,
744 1820 895 1850 Helenam
919 1824 1112 1860 repetentes3
1136 1819 1221 1849 alteri
1243 1829 1314 1849 vero

288 1874 334 1912 (in
362 1872 562 1913 'l'rojanorum
591 1872 727 1911 agmine)
755 1871 840 1901 omni
862 1881 918 1911 ope
943 1870 1133 1906 resistentes;
1157 1880 1195 1900 ex
1219 1869 1314 1910 Lycia

288 1924 370 1954 enim
399 1923 550 1953 Glaucum
580 1922 791 1952 advenientem
820 1921 987 1951 timuerunt
1018 1921 1119 1952 Danai
1135 1933 1141 1951 :
1172 1921 1313 1951 adversus

289 1986 364 2017 quos
388 1974 510 2015 quidem
535 1973 728 2014 gloriabatur,
750 1972 780 2003 in
805 1973 878 2003 urbe
902 1972 1024 2003 Pirenes
1046 1973 1137 2013 patris
1160 1971 1312 2011 (Bellero-

288 2025 426 2066 phontis)
443 2035 570 2064 regnum
588 2030 618 2054 et
633 2035 759 2064 magnas
776 2034 847 2063 opes
863 2034 927 2053 esse
943 2034 977 2053 ac
993 2024 1121 2054 domum
1135 2023 1181 2053 avi
1197 2022 1256 2059 sui,
1268 2041 1313 2045 —-

271 2098 275 2103 .
289 2077 341 2118 qui
358 2076 571 2116 serpentigcrae
589 2076 685 2106 filium
700 2075 773 2105 olim
791 2073 943 2114 Gorgonis
959 2074 1106 2114 Pegasum
1117 2073 1197 2104 eirea
1212 2073 1311 2103 fontes

270 2127 412 2157 'fraenare
435 2126 571 2166 cupiens,
590 2127 686 2156 multa
708 2136 778 2156 sane
802 2125 926 2166 pertulit
948 2131 1029 2164 ante,
1045 2135 1135 2166 quani
1153 2124 1180 2154 ei
1196 2123 1310 2154 aureis-
