1439 2437
201 310 248 332 διν.
267 313 304 335 10,

232 343 288 366 370.

200 733 255 757 Ant.
267 738 304 760 10.

230 769 285 791 2381,

200 1145 245 1173 Ἑρ.
262 1149 299 1166 τιν.

321 179 363 207 42
720 181 940 214 PYTHIA.

319 273 413 294 aram.
458 265 495 296 In
510 264 680 306 periculum
697 277 766 296 vero
781 278 872 308 grave
888 268 1029 311 conjecti,
1052 270 1178 301 domino
1194 271 1356 312 supplica--

319 315 394 345 bant
418 316 540 346 navium
566 316 798 357 (navigationis)
815 338 859 343 —
874 324 909 350 ut
926 321 1174 352 concurrentium
1198 322 1352 362 impetum

317 365 548 398 ineluctabilem
570 367 739 407 effugerent
763 373 928 409 petrarum.
975 371 1119 402 Geminae
1144 371 1226 402 enim
1253 378 1350 410 erant,

317 417 406 455 vivae,
423 418 680 459 volvebanturque
702 419 879 459 velociores,
895 431 989 461 quam
1011 422 1350 462 graviter-stridentium

317 472 478 499 ventorum
495 469 587 500 acies.
632 469 765 511 Sedjam
784 475 914 504 mortem
937 472 989 503 illa
1006 473 1043 504 iis
1066 474 1278 505 Semideorum
1294 485 1351 504 na-

317 519 430 559 vigatio
447 519 627 551 adducebat.
673 520 787 552 Phasin
803 526 904 553 autem
930 523 1039 555 deinde
1055 524 1184 566 ingressi
1199 529 1282 564 sunt,
1298 524 1351 555 ubi

319 569 412 610 nigris
429 570 553 601 Colchis
578 572 668 602 robur
681 572 726 610 (h.
743 574 790 612 se)
813 573 1012 605 admoverunt
1029 577 1116 615 (cum
1135 575 1171 607 iis
1196 574 1351 616 congressi

316 625 404 659 sunt)
422 622 547 653 AEetam
564 623 644 664 apud
667 622 779 664 ipsum.
822 624 960 656 Domina
975 630 1079 657 autem
1096 626 1350 658 acutissimorum

317 674 448 704 telorum
465 674 575 715 Cypria
597 673 702 704 Venus
717 674 927 706 versicolorem
945 677 1130 718 torquillam,
1146 677 1351 708 indissolubili

318 729 447 765 quatuor
457 726 607 756 radiorum
620 729 693 755 rotae
705 725 872 763 alligatam,
887 746 931 750 —
945 727 1094 757 furiosam
1105 737 1204 764 avem,
1214 726 1349 767 primum
1380 729 1381 733 ’

316 776 352 806 ad
372 776 510 806 homines
536 774 659 805 coelitus
683 773 803 812 detulit,
818 784 982 816 precesque
999 776 1211 808 incantatrices
1227 778 1349 809 edocuit

317 827 486 866 sapientem
504 825 698 864 AEsonidam,
717 829 751 854 ut
773 824 896 857 Medeae
920 826 1070 858 eximeret
1084 832 1246 868 parentum
1264 839 1349 859 reve-

317 877 458 915 rentiam,
474 875 739 917 desiderabilisque
756 875 877 907 Graecia
888 877 986 918 ipsam
1002 877 1035 908 in
1052 882 1174 918 pectore
1191 879 1349 910 ardentem

316 933 445 958 versaret
458 928 578 968 flagello
594 927 716 958 Suadae.
761 927 865 968 Atque
882 938 954 958 mox
969 928 1020 958 illa
1037 928 1176 968 (Medea)
1193 940 1347 962 summam

316 980 453 1008 laborum
475 982 669 1018 paternorum
688 981 719 1017 (a
734 983 820 1018 patre
836 977 1063 1019 injunctorum)
1080 980 1214 1010 ostendit
1229 980 1351 1020 Jasoni,

315 1030 442 1069 oleoque
460 1028 608 1069 permixta
623 1028 755 1059 remedia
770 1028 909 1060 dolorum
926 1029 1019 1068 dedit,
1033 1029 1143 1070 quibus
1159 1036 1327 1071 ungeretur
1336 1044 1346 1071 3

317 1081 458 1121 pactique
474 1084 545 1109 sunt
559 1090 739 1110 communes
755 1080 877 1120 nuptias
891 1080 995 1111 dulces
1009 1081 1086 1111 inter
1101 1080 1282 1122 sejungere.
1303 1101 1349 1107 —

316 1132 356 1161 At
369 1137 529 1172 postquam
546 1131 653 1161 AEetes
669 1131 899 1162 adamantinum
916 1131 947 1162 in
964 1132 1065 1162 medio
1080 1138 1212 1163 aratrum
1231 1137 1347 1164 statue-

239 1190 243 1197 ’
270 1190 283 1199 ’·
314 1188 369 1220 rat,
387 1188 416 1213 et
432 1184 535 1220 boves,
552 1183 604 1223 qui
621 1183 774 1212 flammam
792 1194 808 1212 e
825 1183 907 1213 flavis
932 1183 1018 1213 malis
1034 1182 1188 1223 spirabant
1209 1183 1344 1214 ardentis

195 1501 244 1523 Str.
262 1502 298 1522 11.

227 1534 281 1555 411.

194 1914 251 1937 Ant.
264 1916 300 1937 11.

317 1234 407 1274 ignis,
425 1234 571 1274 aereisque
587 1233 709 1273 ungulis
734 1234 896 1273 pulsabant
923 1238 1032 1264 terram
1059 1234 1200 1265 alternis:
1226 1234 1280 1264 hos
1293 1234 1346 1265 ad-

312 1284 419 1314 ductos
447 1283 524 1325 jugo
552 1283 686 1314 admovit
707 1284 787 1314 solus
815 1283 973 1323 (AEetes);
1006 1288 1165 1324 rectosque
1190 1285 1290 1315 sulcos
1314 1284 1347 1315 in

314 1335 441 1375 longum
459 1335 572 1365 ducens
589 1335 662 1375 egit,
679 1339 709 1365 et
724 1335 1018 1375 glebas-emittentis
1041 1335 1078 1365 ad
1094 1345 1196 1375 orgyae
1212 1335 1349 1366 altitudi-

314 1395 383 1414 nem
401 1385 674 1416 dissecuitdorsum
686 1390 782 1416 tcrrae.
828 1385 911 1415 Tum
929 1385 971 1415 ita
983 1385 1076 1415 dixit:
1103 1385 1175 1415 Hoc
1189 1396 1278 1426 opus,
1294 1396 1347 1416 rex

312 1436 364 1475 qui
378 1440 487 1476 praeest
504 1437 582 1478 navi,
597 1435 672 1466 mihi
688 1436 712 1466 si
728 1436 904 1476 perfecerit:
928 1435 1155 1476 incorruptibile
1171 1436 1342 1476 stragulum

313 1488 437 1524 auferat,
462 1506 505 1509 »-
531 1488 625 1517 vellus
641 1486 834 1527 splendidum
859 1497 950 1517 aureo
967 1486 1047 1516 villo.
1093 1486 1145 1516 Sic
1161 1497 1197 1516 eo
1212 1486 1346 1524 dicente,

312 1536 432 1578 abjecto
456 1537 553 1568 Jason
578 1548 683 1568 croceo
704 1537 898 1574 vestimento,
915 1537 972 1567 deo
988 1537 1094 1574 fretus,
1112 1535 1345 1575 aggrediebatur

311 1598 386 1617 rem.
431 1587 516 1627 Ignis
528 1598 595 1618 vero
605 1598 676 1617 eum
688 1598 748 1616 non
760 1587 902 1617 turbabat
914 1586 1344 1626 veneficiorum-peritissimae

312 1638 440 1679 hospitae
465 1638 625 1679 praeccptis
643 1637 936 1677 (medicaminibus).
983 1637 1139 1667 Protracto
1163 1647 1233 1666 vero
1248 1641 1345 1667 aratro

312 1689 433 1719 bubulis
462 1699 559 1728 quum
588 1688 741 1728 religasset
768 1687 954 1718 necessitatis
980 1687 1207 1725 (domantibus)
1231 1687 1345 1718 instru-

313 1740 424 1770 mentis
440 1740 517 1769 colla
539 1740 735 1777 (taurorum,)
760 1738 913 1769 incutiens
938 1738 1343 1768 validorum-laterum-cor-

314 1791 377 1830 pori
404 1791 562 1820 stimulum
591 1799 724 1829 gravem,
750 1789 834 1819 fortis
857 1788 1018 1818 elaboravit
1046 1787 1229 1828 imperatum
1248 1787 1341 1828 (agri)

312 1843 455 1882 spatium.
498 1840 655 1880 Ingemuit
667 1850 734 1870 vero
747 1839 838 1869 tacito
851 1838 987 1879 quamvis
997 1838 1100 1868 dolore
1115 1839 1207 1869 robur
1218 1838 1342 1869 Jasonis

312 1892 418 1922 AEctes
434 1891 598 1922 admiratus
623 1909 666 1913 —
686 1890 838 1930 simulque
861 1889 934 1919 socii
951 1889 1020 1919 forti
1036 1889 1099 1919 viro
1116 1889 1230 1919 amicas
1246 1888 1342 1929 porri-

245 1950 283 1968 ‘'s¹-
309 1945 424 1984 gebant
438 1954 556 1981 manus,
574 1941 753 1982 coronisque
770 1951 841 1971 eum
860 1939 1011 1970 herbaceis
1024 1940 1236 1978 redimiebant,
1254 1939 1342 1969 blan-

310 1995 417 2035 disque
433 1993 622 2026 sermonibus
639 1992 846 2033 excipiebant.
892 1990 1002 2021 Statim
1020 1995 1122 2021 autem
1140 1990 1219 2020 Solis
1243 1989 1342 2020 admi-

308 2047 380 2076 rand
386 2058 419 2077 us
431 2047 509 2077 filius
516 2046 611 2077 vellus
621 2043 813 2085 splendidum
826 2043 990 2081 indicabat,
1001 2041 1137 2073 ubiillud
1143 2040 1343 2071 extenderant

309 2097 413 2128 Phrixi
438 2097 536 2129 cultri.
581 2096 729 2137 Sperabat
751 2100 853 2125 autem
870 2105 932 2124 non
955 2094 1027 2125 item
1046 2093 1073 2123 ei
1091 2093 1209 2124 huncce
1225 2092 1342 2134 perfec-
