1439 2437
317 180 358 207 58
727 182 952 216 PYTHlA.

321 262 382 293 cria
405 262 596 296 diuturniore
618 265 763 297 felicitate
788 268 904 308 florere,
920 270 1060 311 improbo
1084 277 1199 305 sortem
1221 277 1358 315 tyranni-

210 309 306 365 Α”ἑςθθ-
321 313 416 346 dum:
440 334 484 340 ν-
507 317 725 348 communibus
753 318 916 352 virtutibus
946 322 1084 354 intentus
1109 335 1180 355 sum
1210 325 1357 365 (studeo).

265 361 287 367 ⁰
320 365 422 397 Invidi
446 371 549 398 autem
568 369 740 410 puniuntur
755 381 846 403 noxa.
891 373 925 403 Si
942 373 1008 414 quis
1025 375 1180 407 felicitatis
1198 376 1357 417 fastigium

316 421 482 457 assecutus,
499 420 720 461 tranquilleque
740 421 866 463 degens,
882 434 900 454 a
911 425 995 465 gravi
1019 425 1132 467 injuria
1154 438 1185 458 se
1208 427 1358 466 cohibuit,

315 468 339 498 is
353 468 450 509 nigrae
462 470 630 502 terminum
648 473 831 513 pulcriorem
849 475 954 506 mortis
974 477 1120 518 consequi
1135 479 1222 517 solet,
1240 479 1355 510 dulcis-

313 520 401 550 simae
411 521 518 561 soboli,
530 523 620 554 bonae
630 524 734 564 famw,
744 526 896 557 bonorum
913 529 1216 569 praestantissimum,
1226 530 1354 562 domum

219 572 299 626 13234.
312 570 497 611 relinquens.
529 591 573 595 ——
605 573 698 606 Quod
726 575 899 616 Iphicliden
929 583 1077 620 (quoque)
1109 581 1259 611 celebrem
1281 581 1354 611 facit

244 624 251 628 ’
275 623 281 629 “
311 620 433 652 Iolaurn
453 623 576 663 hymnis
600 624 799 658 decantatum
823 631 853 658 et
877 628 1010 661 Castoris
1034 631 1126 662 robur
1150 636 1251 672 teque,
1267 643 1286 662 o
1301 643 1354 662 rex

312 670 434 711 Pollux,
450 673 505 704 filii
528 674 667 714 deornm,
683 677 732 707 dic
754 689 816 709 uno
831 679 863 709 in
880 680 1003 712 sedibus
1028 683 1193 724 (sepulcro)
1211 682 1351 724 Therap-

311 733 376 762 nes,
394 725 487 756 altero
499 726 632 758 vicissim
647 729 818 761 habitantes
836 731 867 762 in
882 732 1030 774 Olympo,

690 962 849 1000 PYTH.
880 965 964 1000 Xll.

458 1052 658 1094 MlDAE
692 1056 1202 1102 AGRIGENTINO,

707 1166 932 1195 'rlssloiNL

194 1274 241 1297 Str,
264 1276 284 1297 1-
302 1261 404 1302 Roco
417 1275 458 1310 te,
472 1283 490 1302 ο
505 1271 673 1313 splendoris
698 1270 805 1309 amica,
823 1273 1007 1312 pulcerrima
1024 1272 1344 1304 mortalibus-habita-

300 1333 400 1358 tarum
418 1328 552 1365 urbium,
570 1326 760 1367 Proserpinae
785 1326 882 1364 sech‚
900 1338 970 1367 quae
986 1327 1023 1357 ad
1037 1327 1116 1368 ripas
1133 1328 1270 1368 pecorosi
1286 1329 1342 1358 ha-

299 1380 376 1410 bitas
390 1379 570 1420 Acragantis
581 1377 1048 1409 aedificiis-bene-constructum
1063 1379 1186 1415 collem,
1197 1379 1340 1419 propitia,

298 1444 317 1462 0
328 1432 443 1473 regina,
460 1430 679 1461 immortalium
704 1430 929 1470 hominumque
958 1440 1031 1460 cum
1049 1429 1274 1469 benevolentia,
1291 1441 1342 1461 ac-

299 1484 367 1524 cipe
377 1492 521 1513 coronam
532 1481 611 1511 hanc
621 1491 662 1510 ex
673 1481 815 1520 Pythone
826 1481 951 1511 illustris
962 1481 1072 1519 Midae,
1083 1491 1217 1521 eumque
1226 1481 1341 1522 ipsum,

298 1533 453 1564 Graeciam
470 1532 522 1573 qui
539 1531 692 1572 superavit
714 1536 777 1561 arte
788 1543 796 1569 3
822 1542 913 1571 quam
932 1532 1087 1572 quondam
1106 1531 1205 1562 Pallas
1222 1532 1341 1563 invenit

296 1584 457 1616 audacium
472 1583 655 1623 Gorgonum
673 1582 790 1613 tristem
804 1583 1055 1613 lamentationem
1068 1587 1236 1613 contexens
1251 1593 1338 1624 (con-

175 1641 233 1664 Αηι.
244 1643 281 1666 15.
295 1636 434 1673 cinnans,
450 1635 581 1668 imitata)
601 1634 742 1665 Minerva
756 1653 799 1657 —
815 1645 907 1674 quam
920 1645 936 1665 e
954 1634 1097 1675 virgineis
1109 1634 1338 1676 inaccessisque

293 1690 469 1728 serpentum
494 1685 643 1726 capitibus
669 1685 783 1715 audivit
807 1687 906 1716 fusam
930 1687 1070 1716 luctuosa
1086 1696 1158 1716 eum
1176 1696 1335 1724 aerumna3

292 1749 390 1779 quum
408 1737 534 1767 Perseus
553 1737 672 1766 tertiam
687 1737 890 1767 interfecisset
904 1747 1053 1774 sororum,
1066 1737 1192 1768 marinae
1202 1736 1335 1777 Seripho

292 1789 463 1829 incolisque
485 1788 616 1818 exitium
634 1789 724 1818 fatale
741 1788 881 1826 afferens,
896 1788 1002 1828 utique
1019 1792 1049 1818 et
1065 1788 1205 1819 divinum
1224 1787 1336 1819 Phorci

292 1839 459 1871 excaecavit
483 1850 580 1880 genus
597 1844 628 1870 et
645 1839 818 1869 convivium
840 1839 1013 1879 Polydectae
1030 1839 1159 1870 reddidit
1175 1840 1334 1870 funestum

292 1891 457 1931 matrisque
479 1891 603 1931 longam
625 1891 802 1921 servitutem
826 1895 1028 1931 coactumque
1046 1890 1240 1932 conjugium,
1257 1892 1329 1932 pul-

181 1944 234 1969 Str.
249 1949 273 1970 ει.
290 1943 426 1974 cerrimae
450 1946 544 1983 caput
567 1952 663 1982 quum
687 1941 858 1971 abstulisset
874 1941 1016 1973 Medusae
1033 1961 1076 1966 —
1092 1942 1172 1972 filius
1188 1941 1334 1987 Danaes3

221 1979 261 2003 29.
290 2006 382 2036 quem
409 2005 447 2024 ex
471 2004 544 2024 auro
569 1994 651 2023 fama
675 1997 720 2022 est
736 1994 990 2033 sponte-pluente
1017 1998 1122 2024 natum
1151 2003 1228 2024 esse.
1274 1993 1335 2023 Sed

287 2051 449 2088 postquam
466 2057 507 2076 ex
525 2046 572 2076 his
590 2055 695 2076 carum
709 2044 766 2075 sibi
782 2044 880 2075 virum
898 2045 1051 2075 laboribus
1064 2049 1232 2075 servaverat
1248 2044 1333 2085 virgo

288 2097 468 2138 (Minerva),
485 2097 630 2128 tibiarum
647 2096 748 2127 effecit
759 2096 958 2127 omnisonum
973 2102 1111 2135 cantum,
1129 2101 1164 2127 ut
1181 2096 1327 2137 Euryalae

282 2160 319 2179 ex
336 2148 494 2190 rapacibus
521 2148 608 2189 genis
624 2147 769 2179 emissum
791 2147 998 2179 instrumento
1015 2148 1088 2187 (hoc
1105 2147 1236 2187 musico)
1256 2145 1327 2178 imi-

1419 1934 1426 2022 ρ

1416 2025 1420 2094 l
