1439 2437
182 533 229 555 Str.
247 533 271 556 4.

199 567 253 588 118.

174 847 233 872 Ant.
245 850 261 871 4

198 882 251 904 151.

182 1105 226 1134 Ep.
240 1108 262 1128 4.

195 1141 241 1161 144-

285 189 324 216 68
679 185 884 216 ΝΕΜΕΑ.

283 281 409 301 uxorem
425 270 654 301 altithronarum
673 281 764 301 unam
781 270 948 301 Nereidum
960 281 969 308 ;
994 269 1127 310 viditque
1144 270 1305 301 rotundam

283 321 396 359 sedem,
414 322 465 352 cui
482 322 554 352 coeli
570 332 655 362 reges
668 321 818 362 marisque
834 320 1000 351 insidentes
1012 320 1092 363 dona
1107 331 1239 362 opesque
1252 331 1306 350 ex-

282 372 447 403 hibuerunt
473 373 510 403 ad
537 373 744 413 posteritatem
769 373 826 413 ipsi
849 372 1042 411 (duraturas).
1088 371 1176 401 Ultra
1192 371 1304 411 Gades,

281 433 424 453 occasum
441 434 542 453 versus
559 422 682 463 procedi
699 423 815 463 nequit.
854 422 1003 452 Converte
1027 433 1128 452 rursus
1148 421 1307 462 Europam

282 472 319 503 ad
330 479 444 504 'terram
462 478 649 503 armamenta
666 473 768 504 navis:
793 473 916 503 difficile
933 474 1016 503 enim
1042 461 1118 503 mi'hi
1133 478 1178 502 est
1202 472 1307 502 laudes

287 524 480 554 AEacidarum
498 534 603 553 omnes
620 534 798 564 percurrere.
823 543 849 545 —
868 523 1069 554 Theandridis
1090 529 1192 554 autem
1208 534 1306 553 mem-

282 574 556 605 bra-roborantium
570 575 773 604 certaminum
784 574 952 614 Olympiae,
966 575 996 605 in
1013 574 1142 612 Isthmo,
1159 574 1305 604 Nemeae-

281 635 341 665 que
354 635 454 665 praeco
470 629 608 665 promtus
625 625 724 655 venire
737 635 941 665 susceperam,
952 625 1005 655 ubi
1019 626 1176 666 (laborem)
1189 625 1306 666 experti

280 677 406 707 domum
418 675 853 706 inclitos-fructus-ferentibus
864 686 924 705 non
935 676 1086 706 redierunt
1101 676 1165 707 sine
1176 675 1307 706 coronis.

279 727 408 758 Tribum
421 726 500 755 illam
512 726 664 764 audimus,
673 726 878 764 Timasarche,
889 731 974 756 tuam
985 727 1185 757 victorialium
1195 726 1305 757 carmi-

281 788 355 808 num
373 775 542 806 antistitem
556 788 630 808 esse.
679 778 712 807 Si
729 787 797 807 vero
807 787 878 806 sane
895 778 1046 808 avunculo
1071 778 1162 808 etiam
1186 777 1305 808 Callicli

277 828 367 871 jubes
383 838 432 858 me
448 846 487 850 —
507 829 681 859 columnam
699 838 811 869 ponere
822 827 907 858 Pario
921 839 1069 859 marmore
1079 829 1281 859 candidiorem
1295 841 1302 859 :

282 890 387 910 aurum
408 879 515 919 (enim)
534 885 698 910 excoctum
716 879 832 918 fulgore
853 879 991 919 splendet
1004 890 1137 916 summo,
1153 879 1303 920 hymnus-

280 939 339 968 que
355 929 497 968 prxclare
513 933 668 968 gestarum
684 938 784 959 rerum
807 928 929 967 regibus
953 929 1201 968 sorte-aequalem
1229 927 1302 958 facit

278 979 395 1008 virum:
420 979 468 1009 ille
482 979 560 1009 eirca
576 979 782 1009 Acherontem
804 978 943 1008 habitans
960 989 1059 1008 meam
1084 978 1221 1019 linguam
1246 978 1302 1008 ha-

279 1030 347 1059 beto
371 1030 518 1068 vocalem,
547 1030 625 1069 (ibi‚)
638 1028 979 1069 tridentem-quatientis
1002 1029 1053 1059 ubi
1078 1029 1109 1059 in
1135 1028 1299 1059 certamine

276 1080 449 1120 gravistrepi
477 1080 646 1120 (Neptuni)
679 1080 779 1110 floruit
812 1079 1007 1109 Corinthiaco
1030 1079 1109 1120 apio.
1134 1098 1177 1102 —
1199 1079 1302 1112 Quem

278 1130 444 1171 Euphanes
460 1131 567 1160 lubens
580 1141 672 1160 senex
693 1141 765 1161 avus
786 1136 855 1160 tuus
871 1129 993 1168 cecinit,
1014 1129 1175 1170 ojuvenis.
1222 1130 1300 1161 Aliis

278 1182 408 1221 aequales
421 1186 492 1211 sunt
502 1181 561 1211 alii.
586 1181 655 1213 Qua
671 1192 739 1212 vero
756 1182 785 1212 in
799 1193 829 1211 re
846 1182 913 1222 quis
926 1181 989 1221 ipse
998 1192 1173 1211 successum
1185 1181 1301 1211 habue-

276 1233 323 1270 rit,
341 1243 406 1263 eam
425 1232 541 1262 videtur
556 1233 681 1272 quisque
698 1232 892 1273 potissimum
909 1233 1055 1262 celebrare
1071 1243 1166 1272 posse.
1191 1231 1298 1265 Quan-

277 1289 378 1325 topere
398 1283 529 1324 (aliquis)
549 1284 674 1314 laudans
696 1284 857 1314 Melesiain
883 1284 1109 1314 contentionem
1128 1283 1218 1324 (aliis)
1245 1294 1299 1313 ex-

277 1336 360 1373 citet,
377 1336 464 1366 verba
480 1335 603 1366 texens!
628 1336 760 1366 invictus
784 1337 815 1366 in
826 1335 993 1366 certamine
1009 1341 1027 1355 7*
1055 1340 1193 1376 superat3
1220 1334 1298 1365 mol-

276 1386 317 1416 lia
327 1386 448 1427 quidem
465 1386 614 1417 meditans
636 1386 734 1424 bonis,
753 1397 838 1427 asper
861 1396 930 1417 vero
953 1385 1086 1416 inimicis
1102 1385 1294 1416 animadver-

277 1446 334 1468 sor.

633 1530 646 1543 ⁸
657 1530 675 1552 b
684 1528 746 1559 τένφ.
759 1538 781 1553 v.
794 1529 846 1553 Not.
