1439 2437
178 503 223 533 Ep.
243 505 266 526 2.

213 537 252 558 425.

178 805 226 828 Str.
241 807 264 828 3.

211 839 217 849 f

163 1063 220 1086 Λιιι.
238 1065 261 1087 3,

208 1098 248 1119 ΟΒ.

175 1323 221 1353 Ep.

174 1620 219 1641 Sur.
236 1621 258 1642 4.

203 1655 243 1675 d8.

151 1879 207 1902 Ant.
227 1882 252 1903 4*

197 1915 236 1935 [¹7.

236 1327 259 1349 ξύ

290 211 326 238 16
667 208 932 240 OLYMPIA.²

284 303 452 333 possessam
469 294 537 324 inde
553 295 590 324 ab
616 292 713 324 AEaco
727 305 735 331 ;
759 304 849 334 quem
867 294 947 325 filius
966 295 1092 325 Latona:
1120 294 1239 334 lateque
1252 303 1308 334 po-

283 348 350 374 tens
367 345 532 385 Neptunus
548 345 605 375 Ilio
624 345 802 384 (moenium)
823 356 966 376 eoronam
992 344 1163 385 imposituri
1180 344 1308 374 advoca-

282 400 353 426 runt
368 396 485 426 socium
513 396 620 426 laboris
637 395 667 425 in
698 397 880 426 exstruendo
906 406 1004 426 muro.
1027 395 1151 436 Quippe
1167 399 1231 425 erat
1246 395 1309 424 fato

282 446 495 485 constitutum,
511 446 585 477 illud
602 450 635 476 ut
645 450 710 476 orto
722 446 800 476 bello
810 446 1124 477 urbium-vastatriees
1140 445 1218 476 inter
1229 456 1308 486 pug-

283 508 335 527 nas
359 498 496 538 rapidum
512 498 664 528 exhalaret
679 497 811 527 fumum.
828 516 870 520 —
887 497 947 528 Sed
964 497 1047 528 caesii
1062 497 1218 535 dracones,
1234 498 1308 528 dum

281 549 459 586 struebatur,
476 548 507 578 in
536 558 644 578 novam
663 547 865 577 munitionem
884 547 1054 578 insilientes
1069 553 1137 585 tres,
1163 549 1225 579 duo
1240 549 1308 588 qui-

280 599 350 629 dem
359 599 549 637 deciderunt,
566 598 666 638 ibique
676 598 776 628 obtusi
789 598 929 639 spiritum
946 599 1131 629 emiserunt:
1150 610 1228 630 unus
1238 610 1307 630 vero

281 649 385 680 insiliit
401 649 489 680 sibilo
505 651 595 680 facto.
618 649 708 679 Dixit
719 654 821 679 autem
835 659 935 680 coram
952 650 1057 680 animo
1072 651 1194 680 volvens
1204 650 1306 691 prodi-

280 700 365 740 gium
376 701 511 741 protinus
522 700 650 741 Apollo:
678 699 841 740 Pergamus
856 711 891 730 ea
905 705 1000 740 parte,
1017 711 1076 741 qua
1091 700 1162 739 tuis,
1177 712 1195 731 o
1208 701 1308 740 heros,

282 752 422 782 manibus
452 751 574 782 condita
588 756 645 789 est,
656 750 794 790 capitur:
818 750 860 781 sic
877 750 953 781 mihi
967 755 1121 781 ostentum
1145 751 1260 782 indicat
1289 763 1307 782 a

281 802 424 832 Saturnio
434 801 559 832 missum
571 801 754 841 gravistrepo
764 801 857 831 Jove:
872 820 915 824 —
931 811 991 831 non
1005 801 1069 831 sine
1080 802 1148 832 filiis
1161 801 1236 839 tuis3
1254 803 1305 834 sed

281 864 352 883 cum
369 852 459 893 primi
471 857 502 884 et
528 851 626 892 quarti
641 851 751 891 gradus
767 852 895 892 posteris
911 862 956 882 res
969 852 1125 892 procedet.
1163 852 1215 883 Sic
1233 864 1305 883 sane

280 904 355 934 deus
371 903 479 934 diserte
495 904 639 943 loquutus
655 902 691 932 ad
707 902 869 933 Xanthum
891 903 1069 943 properabat
1085 907 1115 933 et
1131 903 1305 934 Amazonas

280 961 430 995 equestres
444 954 616 994 Istrumque
638 956 750 983 vectus.
782 953 925 984 Fuscinae
942 964 1011 983 vero
1026 954 1155 984 vibrator
1170 954 1207 984 ad
1222 954 1304 985 Isth-

281 1016 367 1036 mum
385 1004 538 1035 marinum
556 1015 676 1034 currum
696 1004 824 1034 celerem
836 1004 996 1044 dirigebat,
1010 1004 1163 1035 deducens
1173 1004 1304 1035 lEaeum

279 1056 338 1086 huc
348 1066 437 1086 curru
450 1066 550 1094 aureo,
566 1074 608 1077 —
620 1059 650 1084 ct
666 1054 703 1084 ad
719 1053 859 1084 Corinthi
870 1053 993 1095 jugum,
1009 1054 1125 1085 visurus
1135 1056 1302 1096 epulas(sa-

278 1108 339 1146 cra)
357 1107 500 1137 celebres.
531 1105 616 1136 Idem
634 1115 702 1135 vero
718 1114 779 1134 non
795 1105 943 1135 delectare
959 1106 1034 1135 solet
1058 1116 1175 1137 omnes.
1207 1106 1240 1136 Si
1256 1110 1302 1137 ta-

277 1166 348 1186 men
364 1166 421 1195 ego
436 1154 587 1193 Melesiae,
604 1164 640 1183 cx
658 1153 843 1183 imberbibus
853 1153 1022 1194 discipulis,
1038 1155 1163 1193 gloriam
1180 1165 1303 1196 percur-

275 1217 337 1237 ram
352 1206 478 1246 hymno,
498 1216 535 1235 ne
555 1208 638 1246 petat
654 1215 702 1234 me
718 1214 822 1245 aspero
837 1204 934 1244 lapide
952 1203 1079 1235 Invidia.
1115 1205 1160 1236 Et
1172 1206 1302 1237 Nemeae

275 1256 357 1288 enim
388 1260 571 1297 reportatum
605 1256 654 1296 (ab
670 1256 718 1295 eo)
735 1255 846 1295 pariter
868 1255 966 1285 dicam
982 1256 1042 1285 tale
1068 1255 1171 1293 decus,
1187 1260 1217 1287 et
1232 1268 1302 1298 pos-

275 1313 324 1338 tca
337 1308 414 1338 inter
430 1308 506 1338 viros
523 1318 659 1348 pugnam
676 1325 719 1329 -—-
734 1307 765 1337 in
781 1306 945 1347 pancratio.
967 1305 1087 1337 Docere
1110 1312 1223 1345 autem,
1239 1308 1301 1340 uti-

203 1359 215 1365 *
238 1376 244 1381 ·
275 1370 333 1400 que
348 1369 442 1399 gnaro
455 1358 589 1396 faeilius3
607 1359 734 1389 stultum
749 1368 829 1397 vero,
842 1368 904 1387 non
921 1357 1135 1398 praedidicisse.
1158 1359 1300 1390 Leviores

274 1410 357 1440 enim
375 1410 602 1450 inexpertorum
620 1414 748 1439 mentes.
772 1407 888 1438 Contra
902 1408 952 1438 ille
969 1408 1090 1439 docebit
1106 1420 1156 1440 eas
1172 1420 1217 1440 res
1234 1421 1300 1441 me·

274 1461 332 1491 lius
348 1461 469 1491 ceteris:
494 1460 561 1500 quis
578 1460 686 1490 modus
703 1460 800 1490 virum
816 1469 851 1488 eo
867 1459 1021 1499 perducat,
1033 1464 1066 1490 ut
1077 1471 1114 1490 ex
1127 1461 1219 1492 sacris
1233 1472 1300 1492 cer-

274 1511 442 1542 taminibus
472 1511 756 1542 desideratissimam
786 1510 912 1551 gloriam
943 1515 1086 1551 reportet.
1116 1511 1212 1542 Nunc
1228 1512 1298 1552 qui-

273 1563 342 1594 dem
360 1564 417 1604 ipsi
433 1563 526 1594 decus
542 1568 587 1593 est
617 1563 798 1593 Alcimedon
816 1561 968 1592 victoriam
998 1563 1180 1593 tricesimam
1205 1563 1297 1605 adep-

274 1619 322 1645 tus
338 1634 381 1637 —
396 1615 447 1654 qui
467 1615 589 1644 fortuna
603 1614 725 1655 quidem
743 1613 855 1650 divina,
873 1622 929 1642 nec
954 1613 1065 1644 virtute
1081 1618 1184 1644 tamen
1201 1615 1294 1646 desti-

274 1671 369 1704 tutus,
385 1671 515 1706 quatuor
529 1676 691 1706 puerorum
711 1664 886 1706 corporibus
905 1665 1029 1705 (pueris)
1049 1665 1148 1695 effecit
1163 1666 1293 1698 reditum

271 1717 500 1753 invisissimum,
517 1721 547 1745 et
566 1716 629 1746 sine
644 1716 819 1746 auctoritate
849 1715 997 1755 linguam,
1013 1721 1043 1745 et
1072 1715 1296 1748 clandestinum

272 1768 443 1804 incessu1n3
468 1767 545 1807 patri
561 1771 663 1797 autem
682 1767 774 1807 patris
809 1768 889 1806 (avo)
908 1766 1064 1806 inspiravit
1090 1767 1181 1797 robur
1211 1767 1295 1798 senio

268 1821 436 1851 adversum.
481 1820 555 1850 Orci
573 1820 678 1860 utique
703 1819 898 1856 obliviscitur,
927 1823 1050 1848 strenua
1065 1819 1116 1859 qui
1132 1821 1294 1859 patraverit

267 1871 320 1902 vir.
336 1891 379 1894 —
395 1872 455 1902 Sed
473 1882 519 1901 mc
535 1872 622 1901 decet
641 1870 888 1911 (praeteritorum)
910 1871 1086 1915 memoriam
1104 1870 1290 1903 excitantem

267 1923 367 1962 eloqui
386 1933 532 1952 manuum
554 1921 707 1952 victoriale
723 1921 815 1951 decus
831 1920 1075 1960 Blepsiadarum,
1086 1925 1171 1951 sexta
1181 1922 1295 1962 quibus

261 1972 327 2014 jam
341 1984 451 2004 corona
469 1973 655 2004 circumdata
671 1977 718 2002 est
734 1971 902 2002 frondiferis
919 1982 955 2001 ex
973 1972 1197 2003 certaminibus,
1235 1974 1293 2005 Est

265 2034 335 2054 vero
348 2025 438 2054 etiam
453 2024 552 2065 aliqua
566 2023 693 2054 mortuis
708 2033 773 2063 pars
793 2024 930 2061 (munus)
950 2022 1005 2052 rite
1022 2023 1221 2063 perficienda;
1239 2036 1292 2056 oc-

269 2075 365 2105 cultat
380 2075 460 2107 euim
491 2085 681 2115 nequaquam
698 2074 794 2115 pulvis
811 2074 911 2113 (terra)
931 2079 1128 2113 cognatorum
1145 2076 1292 2107 illustrem

177 2141 219 2165 ΕΡ,
235 2142 258 2161 ,1,
271 2125 390 2156 laudem
412 2127 485 2166 (quo
502 2126 603 2156 minus
620 2125 706 2156 inferi
723 2135 790 2155 eam
807 2123 993 2163 resciscant.)
1012 2144 1054 2148 —-
1077 2125 1290 2158 Murcuriiau-

182 2173 236 2193 lmi,
