1439 2437
294 223 334 251 5¹2
694 222 915 255 PYTHIA.

292 316 478 348 suavemque
495 306 580 339 illum
596 309 836 348 concubitorcm,
853 320 960 350 parum
975 310 1124 351 palpebris
1140 310 1324 345 incumben-

293 363 355 388 tem
373 369 517 389 somnum
535 369 718 390 consumens
743 366 863 398 (somno
879 371 985 401 parum
1003 360 1178 402 indulgens)
1196 364 1253 394 sub
1270 374 1325 394 au-

198 415 272 453 stup
293 420 402 440 rotam.
418 429 461 432 —
477 409 599 440 Invenit
615 421 682 441 eam
699 411 861 451 aliquando
874 411 1133 452 ampla-pharetra
1145 412 1324 452 instructus,

226 450 264 473 4).
292 461 380 491 leone
403 471 474 491 cum
498 462 621 491 robusto
643 462 746 492 solam
767 462 934 492 luctantem
963 462 1027 492 sine
1055 463 1158 502 armis,
1174 462 1325 504 jaculator

291 513 413 553 Apollo.
459 512 571 542 Statim
590 522 658 542 vcro
675 523 713 542 ex
727 511 845 543 aedibus
864 515 1051 550 (evocatum)
1070 512 1237 545 Chironem
1249 516 1323 547 allo-

292 569 380 594 cutus
393 568 437 594 est
447 573 584 593 sermone
597 575 603 592 :
629 562 721 592 Sacro
731 567 829 601 antro,
841 562 1015 604 Phillyride,
1028 574 1165 604 egressus
1181 566 1322 598 animum

289 615 414 645 feminae
430 619 460 644 et
476 624 622 653 magnum
640 614 730 643 robur
746 613 911 652 admirare3
935 615 1057 655 qualem
1074 615 1225 656 intrepido
1239 627 1320 658 pug-

289 677 359 697 nam
371 666 585 706 superinducat
596 664 688 705 capiti
702 664 795 705 (sibi),
805 665 979 697 discrimine
990 665 1088 707 majus
1098 667 1200 707 puella
1211 672 1321 708 peetus

287 718 401 748 liabens
415 725 422 750 ;
457 718 623 756 timoreque
652 727 713 746 non
740 718 899 748 turbantur
921 718 1098 759 praecordia.
1144 718 1221 751 Quis
1252 729 1320 750 eam

178 776 225 798 Ant
249 781 270 800 ;),
287 769 447 799 hominum
462 769 590 809 genuit?
616 778 747 808 quanam
764 769 866 798 avulsa
882 769 973 809 stirpe
989 788 1032 792 ——
1049 769 1202 800 montium
1219 780 1319 800 reces-

209 811 246 830 ω’
286 831 336 851 sus
361 820 476 850 habitat
501 819 738 850 umbrosorum?
770 820 981 861 expetit-arque
1006 821 1095 850 robur
1121 821 1319 853 immensum.

285 872 382 901 Fasne
400 876 444 901 est
468 871 604 901 inclitam
624 881 748 901 manum
766 871 793 901 ei
808 871 939 901 inferre?
965 882 1044 902 anne
1068 870 1159 901 etiam
1182 882 1235 912 per
1250 883 1317 903 am-

283 924 390 963 plexus
418 923 568 952 demetere
598 921 747 951 mellitum
777 922 902 952 florem?
938 922 968 952 H
977 922 1023 952 uie
1039 914 1120 952 'vero
1147 921 1318 954 Centaurus

282 974 380 1013 gravis
398 973 514 1014 placido
528 972 636 1002 blande
650 972 750 1002 ridens
764 972 926 1012 supercilio
936 972 1099 1003 consilium
1112 984 1201 1004 suum
1213 975 1316 1006 statim

282 1025 421 1055 reddidit.
468 1025 559 1060 Sunt,
576 1035 593 1054 o
611 1023 736 1061 Phaebc,
752 1024 885 1054 oecultae
902 1023 938 1054 ad
955 1034 1054 1054 sacros
1077 1035 1195 1055 amores
1218 1027 1316 1057 claves

281 1076 427 1117 sapientis
444 1075 585 1105 Suadclae
599 1086 608 1113 3
634 1079 663 1104 et
681 1075 759 1105 inter
775 1074 847 1104 deos
864 1074 1034 1115 pariterque
1052 1075 1192 1106 homines
1208 1087 1315 1107 veren-

280 1132 331 1158 tur
349 1128 482 1168 (omnes)
500 1127 599 1167 palam
620 1128 735 1166 (aperta
749 1125 789 1165 vi)
804 1126 945 1156 dulcibus
962 1127 1020 1156 srui
1031 1126 1165 1166 primum
1175 1129 1314 1168 amplex-

180 1171 225 1208 EP:
244 1174 267 1195 ⁶²·
280 1179 358 1209 ibus.
389 1197 433 1202 -—
456 1178 598 1217 Namque
624 1182 664 1214 te,
689 1176 738 1207 cui
763 1187 824 1206 non
847 1176 919 1206 licet
944 1187 1130 1217 quemquam
1156 1179 1316 1209 mendacio

279 1229 413 1269 aggredi,
437 1228 604 1259 commovit
631 1227 760 1257 blandus
785 1237 881 1264 amor,
907 1232 941 1257 ut
969 1227 1112 1257 simulate
1134 1228 1314 1269 eloquereris

278 1281 361 1312 liunc
378 1290 560 1311 sermonem.
607 1278 722 1309 Puellae
739 1288 808 1308 vero
823 1288 969 1319 quorsum
986 1288 1085 1318 genus
1102 1278 1278 1320 interrogas,
1295 1291 1315 1310 o

261 1326 265 1329 ¹
278 1334 351 1364 rex?
376 1332 428 1373 qui
448 1336 563 1362 certum
582 1330 723 1360 omnium
740 1341 840 1360 rerum
855 1329 972 1360 exitum
985 1329 1065 1359 nosti
1075 1333 1105 1359 et
1121 1340 1229 1362 omnes
1239 1331 1312 1370 vias,

277 1389 412 1425 quotque
428 1384 518 1414 tellus
536 1393 626 1412 verna
641 1381 714 1412 solia
735 1381 860 1419 emittit,
877 1385 1052 1421 quantaque
1066 1381 1099 1411 in
1115 1381 1191 1412 mari
1207 1386 1238 1412 et
1253 1382 1312 1413 fl'u-

275 1435 332 1466 viis
348 1446 446 1466 arenae
463 1435 507 1465 vis
526 1433 668 1465 fluctibus
680 1434 856 1474 impetuque
874 1436 1036 1462 ventorum
1047 1432 1195 1471 volvitur;
1213 1433 1311 1474 quod-

277 1497 335 1528 que
350 1487 486 1517 futurum
504 1491 557 1520 est,
576 1490 605 1516 et
621 1484 742 1525 quando
755 1485 892 1514 futurum
910 1488 967 1522 est,
985 1484 1062 1513 bene
1074 1484 1231 1524 perspicis.
1277 1485 1312 1516 Si

277 1544 381 1570 tamen
396 1538 467 1568 lieet
483 1537 573 1568 etiam
592 1547 663 1566 cum
680 1535 817 1576 sapiente
834 1534 1018 1565 contendere
1037 1534 1130 1575 (apud
1146 1535 1216 1565 artis
1233 1536 1310 1566 vati-

180 1590 397 1622 S¹¹·-3·cinandi
427 1590 557 1630 peritum
586 1586 770 1626 vaticinari),
795 1605 838 1609 -—
863 1585 979 1616 edicam
1011 1589 1094 1625 (quae
1119 1586 1222 1617 futura
1246 1596 1310 1617 esse

205 1627 244 1663 ἔθ’
275 1642 463 1684 praesentio).
511 1641 597 1671 Huic
623 1639 750 1669 maritus
774 1637 883 1667 venisti
908 1637 1017 1667 vallem
1030 1637 1063 1668 in
1085 1637 1214 1676 hancce,
1231 1642 1262 1668 et
1278 1649 1310 1669 es

275 1704 341 1724 eam
358 1698 440 1724 trans
457 1704 549 1731 mare,
565 1691 652 1722 Jovis
668 1690 818 1720 eximium
835 1690 866 1720 in
883 1688 1018 1727 hortum,
1042 1693 1308 1730 transportatur-us.

275 1745 323 1775 Ibi
335 1756 401 1775 eam
422 1743 609 1785 (aliquando)
628 1741 757 1772 civitatis
769 1740 908 1781 reginam
924 1739 1102 1777 constitues,
1116 1741 1231 1780 populo
1254 1740 1308 1770 ad-

274 1797 366 1827 ducto
391 1795 514 1827 insulari
531 1794 567 1824 ad
583 1794 691 1823 collem
721 1791 838 1832 eampis
864 1785 1003 1831 undique‘
1018 1791 1167 1821 cinctum.
1212 1791 1308 1822 Nunc

272 1854 376 1879 autem
402 1844 770 1889 spatiosa-prata-habens
795 1852 879 1873 sacra
901 1841 956 1872 tibi
982 1841 1078 1882 Libya
1093 1840 1226 1882 excipiet
1240 1843 1307 1882 glo-

272 1901 381 1931 riosam
401 1897 568 1939 nympham
592 1895 708 1927 aedibus
725 1895 756 1925 in
779 1893 876 1924 aureis
900 1893 1047 1923 benevola
1055 1904 1064 1931 3
1089 1893 1143 1923 ubi
1159 1893 1260 1924 statim
1278 1895 1307 1925 ei

271 1950 435 1981 tenendam
460 1948 597 1989 legitime
612 1946 738 1977 donabit
759 1950 846 1976 terrae
863 1945 1045 1986 portionem,
1063 1954 1162 1985 neque
1177 1944 1305 1985 frugife-

270 2013 371 2033 rarum
389 2002 562 2042 plantarum
576 2003 744 2040 expertem,
762 2008 861 2038 neque
875 1996 1014 2037 ignotam
1027 1996 1244 2027 animantibus.
1261 2014 1306 2020 --

164 2050 219 2073 ΑΠ’·
232 2052 256 2074 3-
271 2053 318 2083 Ibi
344 2052 440 2082 filium
470 2051 575 2092 pariet,
604 2060 695 2090 quem
727 2048 853 2079 inclitus
880 2047 1063 2085 Mercurius,
1086 2047 1304 2088 pulcrithronis

186 2085 238 2105 wi*
271 2103 365 2134 Horis
378 2102 553 2142 Terraeque,
570 2104 746 2141 susceptum
765 2110 833 2131 cara
848 2109 865 2129 a
881 2101 987 2136 matre,
998 2097 1105 2129 tradet.
1150 2097 1217 2129 Illae
1233 2109 1303 2129 vero

269 2155 397 2195 genibus
415 2154 475 2183 suis
493 2152 635 2194 imposito
652 2151 761 2182 infanti
779 2155 882 2181 nectar
897 2149 983 2180 labiis
1008 2153 1038 2179 et
1054 2149 1236 2183 ambrosiam
1252 2150 1301 2180 in-
