1439 2437
289 198 330 226 86
684 197 938 229 ISTHMIA.

282 282 456 323 frequenter
470 282 627 313 frondibus
644 293 760 321 comas,
776 287 807 314 et
823 294 918 325 prope
933 284 1049 315 fluenta
1070 283 1178 316 Dirces
1194 295 1324 326 apparu-

284 344 343 372 ere,
367 338 398 364 et
414 344 508 374 prope
527 332 687 371 Eurotam,
712 354 755 358 --
782 333 906 375 Iphiclis
934 335 1056 375 quidem
1086 336 1165 366 filius
1195 336 1324 376 (Iolaus)

282 384 438 425 popularis
462 384 641 425 Spartorum
674 384 921 425 (Thebanorum)
939 387 1034 426 genti,
1052 386 1239 427 Tyndarides
1256 399 1326 419 vero

283 435 362 466 inter
385 435 517 466 Achaeos
534 437 627 466 altam
651 435 826 477 Therapnae
843 436 1018 467 inhabitans
1033 437 1147 469 sedem.
1193 438 1324 469 Salvete.

282 485 354 527 Ego
384 497 465 526 vero,
497 487 709 529 Neptunoque
742 487 924 528 Isthmoque
951 489 1053 519 divino
1085 490 1324 531 Onchestiisque

282 537 354 579 ripis
372 538 561 569 concinnans
579 544 718 577 cantum,
735 540 896 570 celebrabo
913 539 1005 581 hujus
1022 541 1077 571 viri
1100 541 1179 572 inter
1195 542 1324 572 honores

182 585 268 641 5¹31&
282 588 421 619 inclitam
439 589 609 630 Asopodori
632 590 724 631 patris
754 591 1178 632 sortem‚—Orchomenique
1194 592 1323 633 patriam

282 644 393 671 terram
407 651 415 670 τ
438 651 508 681 quae
524 640 626 681 ipsum
650 641 797 672 innixum
814 642 1098 683 naufragii-tabulis
1114 653 1152 673 ex
1168 642 1322 673 immenso

282 692 359 722 mari
390 691 422 722 in
447 691 595 722 horrenda
623 692 743 733 excepit
771 693 957 724 calamitate.
1002 693 1097 724 Nunc
1124 705 1194 725 vero
1221 705 1323 725 rursus

281 742 419 784 pristinae
447 743 531 773 adest
547 744 670 774 fortuna
686 745 853 785 congenita
868 744 1030 775 felicitatis.
1078 745 1122 776 At
1137 745 1190 786 qui
1208 756 1321 776 aerum-

282 805 335 824 nas
351 794 487 835 pertulit,
503 795 528 824 is
544 796 656 826 mentis
672 795 765 826 etiam
779 795 1000 836 providentiam
1018 797 1116 827 adfert
1131 796 1261 835 (habet).
1279 815 1321 820 -—-

175 847 231 868 A-nt
247 847 269 869 3-
282 845 317 875 Si
333 856 402 876 vero
418 845 513 876 virtus
529 846 663 882 (virtutis
676 847 852 887 praemium)
865 847 896 877 in
907 847 1013 888 quovis
1027 847 1198 878 studiorum
1211 858 1322 887 genere

211 880 249 901 53.
280 897 435 938 proposita
450 902 506 935 est,
523 897 678 928 sumtibus
701 897 812 938 pariter
836 902 926 939 atque
943 898 1098 929 laboribus
1114 902 1234 939 oportet
1249 909 1319 929 eam

280 949 378 979 nactis
397 949 574 989 magnificas
594 949 698 979 laudes
715 960 777 979 non
793 949 901 980 invidis
918 950 1048 980 tribuere
1071 949 1192 981 animis.
1237 949 1321 980 Nam

280 1001 345 1030 leve
360 1000 475 1030 donum
494 1005 539 1030 est
555 1012 572 1030 a
588 1000 651 1031 viro
664 1000 801 1041 sapiente
826 1003 942 1042 (poeta)
967 1012 1021 1042 pro
1044 1001 1197 1032 laboribus
1220 1001 1322 1032 omni-

281 1051 379 1092 genis,
398 1051 532 1081 carmine
555 1051 684 1081 dicendo
707 1051 864 1092 egregium
889 1062 1054 1082 commune
1070 1051 1202 1082 excitare
1217 1051 1322 1082 decus,

180 1107 224 1138 Ep.
236 1110 258 1131 S.
281 1122 323 1125 —
340 1102 461 1133 Merces
477 1102 559 1132 enim
578 1102 643 1133 aliis
658 1102 716 1132 alia
730 1103 768 1132 ob
786 1103 902 1133 labores
925 1102 1102 1133 hominibus
1115 1102 1213 1133 dulcis
1231 1105 1321 1141 (con-

246 1158 251 1163 '
283 1154 385 1195 tingitN
405 1154 590 1195 pastorique,
607 1153 788 1194 aratorique‚
805 1153 978 1194 aucupique
996 1158 1026 1184 et
1043 1154 1113 1193 (ei),
1130 1164 1220 1194 quem
1239 1164 1321 1184 mare

281 1207 346 1237 alit.
392 1206 436 1236 Ut
452 1217 469 1236 a
485 1211 589 1236 ventre
605 1205 728 1246 quidem
746 1205 856 1235 horum
873 1205 973 1245 quivis
996 1206 1128 1246 depellat
1143 1206 1258 1236 famem
1274 1209 1321 1235 te-

281 1261 370 1296 tram,
399 1262 578 1298 occupatur.
624 1256 686 1289 Qui
714 1266 783 1286 vero
811 1256 842 1286 in
871 1256 1100 1294 certaminibus,
1128 1261 1181 1286 aut
1210 1255 1320 1294 (bello)

280 1309 432 1349 praelians,
450 1307 609 1349 reportarit
624 1308 717 1338 decus
740 1306 954 1347 splendidum;
980 1307 1004 1337 is
1022 1308 1098 1337 bene
1115 1307 1256 1337 laudatus
1272 1307 1321 1336 lu-

282 1370 367 1390 crum
396 1371 555 1390 summum
583 1358 714 1399 accepit,
744 1357 858 1388 civium
887 1362 917 1387 et
943 1358 1174 1398 peregrinorum
1204 1357 1321 1398 linguae

188 1416 228 1438 sir
247 1418 270 1440 «1.
284 1412 410 1449 (laudis)
428 1412 543 1441 florem.
566 1430 609 1433 —
632 1411 675 1440 At
692 1420 746 1439 nos
768 1409 857 1439 decet
880 1409 1011 1439 vicissim
1028 1413 1059 1439 et
1075 1408 1201 1438 Saturni
1216 1412 1321 1438 terr-‹e-

211 1451 223 1457 ⁶
284 1468 490 1504 quassatorem
520 1462 617 1492 filium
646 1460 795 1498 vicinum,
817 1461 894 1490 bene
922 1460 1066 1491 meritum
1093 1459 1130 1490 de
1155 1458 1321 1499 quadrigis,

283 1525 428 1545 cursuum
454 1513 641 1555 equestrium
658 1512 819 1553 praesidem
838 1512 1057 1552 (Neptunum)
1074 1511 1178 1551 gratiis
1194 1510 1320 1551 agendis

283 1566 443 1603 celebrare,
460 1570 490 1595 et
506 1569 586 1603 tuos,
602 1575 621 1594 o
637 1563 835 1604 Amphitruo,
853 1563 930 1592 filios
942 1563 1126 1603 compellare
1137 1561 1320 1602 Minyaeque

281 1628 432 1647 recessum
448 1616 725 1655 (Orchomenum),
741 1620 772 1645 et
788 1614 905 1645 Cereris
922 1614 1064 1643 inclitum
1075 1613 1180 1643 lucum
1194 1612 1319 1643 Eleusi-

282 1679 365 1704 nem,
383 1672 413 1698 et
430 1667 599 1704 Euboeam,
623 1666 805 1697 inflexorum
835 1664 1054 1695 curriculorum
1085 1663 1319 1701 (certaminum)

179 1723 208 1746 A*
212 1727 235 1745 *t
247 1725 269 1745 4.
283 1730 398 1750 caussa.
422 1738 465 1742 -—
487 1719 591 1749 Tuum
620 1728 752 1758 quoque,
776 1728 795 1747 o
819 1716 987 1753 Protesilae,
1015 1713 1203 1745 Achivorum
1229 1712 1321 1754 juxta

213 1757 252 1777 ω’
283 1770 438 1812 Phylacen
455 1771 600 1802 sacellum
615 1769 702 1800 addo.
749 1768 810 1798 Sed
826 1767 931 1798 omnia
943 1765 1057 1807 eloqui,
1074 1776 1143 1806 quae
1159 1764 1319 1795 ludorum-

281 1833 395 1863 praeses
419 1822 594 1853 Mercurius
624 1820 782 1851 Herodoto
808 1819 891 1849 dedit
913 1818 1010 1858 equiS,
1033 1816 1173 1858 prohibet
1197 1816 1319 1846 brevem

282 1885 457 1905 mensuram
485 1874 601 1904 habens
625 1872 769 1913 hymnus.
813 1869 981 1900 Enimvero
1005 1879 1086 1910 saepe
1111 1866 1214 1904 etiam,
1237 1865 1320 1906 quod

282 1931 327 1957 est
343 1926 464 1957 silentio
479 1924 681 1967 praeteritum,
698 1923 886 1963 voluptatem
911 1919 1056 1962 majorem
1073 1919 1159 1949 affert
1176 1915 1318 1955 (audien-

191 1985 227 2012 Ev
248 1986 271 2006 4.
284 1979 391 2015 tibus).
408 1997 450 2001 υ*
466 1976 657 2017 Contingat'
649 1975 705 2017 ipsi
723 1973 836 2014 (adhuc
852 1973 921 2011 hoc,
935 1976 986 2010 ut)
1000 1973 1093 2002 bene·
1096 1968 1247 2000 vocalium
1263 1966 1317 1997 alis

213 2019 254 2040 9⁰⁴
284 2030 423 2060 sublatus
439 2027 605 2070 splendidis
629 2026 784 2057 Pieridum
800 2035 888 2066 porro
906 2023 1045 2064 Pythone
1061 2021 1153 2052 etiam
1170 2017 1316 2059 Olympi-

282 2091 431 2121 orumque
447 2079 567 2110 eximiis
585 2079 694 2120 Alphei
718 2076 876 2108 frondibus
892 2075 1018 2116 impleat
1034 2083 1171 2109 manum,
1188 2068 1316 2111 gloriam

281 2131 498 2173 septiportibus
521 2131 588 2161 Th‹
591 2130 636 2161 bis
652 2129 795 2171 parando.
840 2127 874 2158 Si
890 2136 960 2157 vero
974 2124 1043 2167 quis
1065 2124 1150 2156 intus
1171 2123 1253 2153 fovet
1267 2119 1318 2162 di-

156 324 236 355 Epod.
247 325 271 347 2.

195 360 234 380 40.
