1439 2437
137 338 184 369 Ep.
201 342 224 364 3.

243 204 283 230 56
658 199 881 232 ΡΥΤΗΙΑ.

241 293 357 316 conum
380 284 466 326 jubis
492 288 597 326 caput,
620 285 719 324 rediit,
745 286 939 326 insularibus,
965 286 1117 327 lapideam
1135 285 1278 319 mortem,

239 335 377 366 afferens.
422 336 504 367 Mihi
528 347 609 375 vero,
635 337 786 367 mirabilia
803 357 846 360 -
862 337 919 368 diis
944 337 1184 379 perficientibus,
1200 333 1277 365 nihil

168 375 208 396 ⁷⁷·
238 397 374 427 unquam
389 397 454 416 esse
469 387 589 417 videtur
603 387 790 418 incredibile.
836 388 970 419 Remum
992 388 1108 425 inhibe,
1133 387 1277 425 illicoque

141 554 186 578 Str.
196 557 221 578 4.

165 588 207 611 85·

126 858 180 880 Ant.
198 862 222 881 4.

170 892 208 913 94.

142 1115 186 1144 Ep.
201 1117 223 1138 4.

152 1148 207 1171 105»,

134 1859 181 1882 Str.
200 1862 220 1882 Ι.

110 2058 166 2081 Ant.
181 2062 219 2081 10.

237 448 380 468 ancoram
397 437 458 478 fige
486 438 518 468 in
542 442 620 469 terra
634 449 651 468 e
667 449 754 479 prora
784 437 963 479 projectam,
978 439 1100 469 latentis
1127 436 1274 469 auxilium

235 488 366 530 scopuli.
411 488 664 520 Laudatoriorurn
680 490 762 520 enim
779 491 834 520 flos
849 490 1033 531 hymnorum
1049 490 1086 520 ad
1102 490 1191 520 aliam
1203 487 1276 518 sub-

237 539 318 577 inde,
341 539 424 568 velut
447 539 522 579 apis,
545 539 671 569 festinat
695 542 958 572 memorationem.
982 561 1026 565 —-
1060 541 1156 582 Spero
1171 543 1274 570 autem

238 600 299 627 me,
315 589 389 620 dum
411 589 558 630 Ephyraei
585 590 737 629 (tribules)
765 600 889 621 carmen
914 591 994 622 circa
1020 591 1157 623 Peneum
1184 590 1272 620 dulce

237 640 435 671 modulantur
450 650 566 679 meum,
584 640 794 680 Hippocleam
812 640 896 672 hunc
912 641 1010 682 magis
1023 642 1115 672 etiam
1128 641 1274 672 carmini-

236 692 294 721 bus
309 691 349 721 ob
364 701 491 721 coronas
508 691 687 721 effecturum
711 702 776 721 esse
799 691 1014 724 admirandum
1037 693 1116 724 inter
1140 693 1273 733 aequales

236 741 438 782 senioresque,
460 741 699 782 juvenculisque
723 741 891 782 virginibus
914 754 1018 774 curam
1038 744 1082 784 (h.
1100 744 1271 774 carminum

237 793 484 833 argumentum).
529 792 657 823 Etenim
680 792 748 823 aliis
774 793 904 824 aliorum
929 793 1112 824 desiderium
1138 803 1274 834 pungere

239 844 316 873 solet
329 848 470 884 pectora:
487 862 530 865 —
546 844 629 877 Quae
645 853 715 873 vero
727 843 857 884 quisque
879 845 1006 884 appetit,
1030 855 1066 874 ea
1081 848 1272 879 consecutus

237 895 360 925 avidum
378 895 488 926 habeat
507 896 628 933 (habere
644 906 716 926 eum
733 906 786 936 par
801 896 859 935 est)
885 895 1020 926 studium
1036 896 1079 926 rei
1095 895 1274 936 praesentis3

236 952 306 987 post
321 957 439 977 annum
456 951 559 978 autem
575 951 721 978 eventura
735 949 902 978 obscurum
916 952 962 977 est
978 947 1155 988 praevidere.
1201 946 1274 976 Fre—

238 1001 289 1027 tus
307 1007 375 1027 sum
392 997 600 1038 hospitalitate
612 998 760 1028 benevola
772 998 930 1036 Thoracis,
942 993 994 1038 qui
1004 1008 1108 1028 meum
1127 1002 1273 1038 expetens

236 1048 386 1086 officium,
402 1048 601 1089 huncjunxit
617 1059 739 1079 currum
757 1048 911 1079 Pieridum
926 1047 1151 1090 quadrijugum,
1168 1058 1275 1078 amans

237 1104 406 1138 amantem,
425 1099 539 1129 ducens
564 1099 728 1130 ducentem
751 1099 909 1130 benevole.
931 1116 976 1123 -—
997 1098 1178 1145 Explqranti
1204 1109 1273 1128 vero

237 1155 268 1180 et
283 1160 392 1181 aurum
408 1161 461 1191 per
476 1150 687 1191 probationem
704 1151 847 1191 refulget,
863 1155 893 1180 et
911 1161 997 1181 mens
1013 1155 1106 1180 recta.
1152 1149 1271 1180 Fratres

237 1211 360 1242 quoque
379 1200 471 1242 (ejus)
489 1201 733 1232 collaudabimus
749 1202 870 1242 probos,
881 1202 1027 1242 quoniam
1044 1202 1075 1232 in
1092 1202 1186 1231 altum
1198 1202 1271 1231 effe-

238 1257 310 1282 runt
331 1251 509 1291 (illustrant)
535 1263 652 1283 morem
683 1253 849 1290 (instituta)
876 1253 1093 1283 Thessalorum
1123 1253 1269 1282 foventes.

237 1301 336 1332 Penes
352 1302 435 1332 enim
451 1304 561 1343 probos
577 1303 709 1344 reposita
724 1309 794 1334 sunt
814 1303 881 1341 (ibi)
899 1309 1024 1345 paterna
1045 1308 1174 1344 augusta
1196 1304 1271 1334 civi-

236 1356 335 1384 tatum
350 1353 486 1394 imperia.

626 1533 785 1570 PYTH.
816 1533 885 1569 XI.

268 1623 662 1665 THRASYDAEO
694 1622 996 1663 THEBANO
1031 1621 1149 1663 PUE
1163 1622 1250 1668 Ro,

545 1732 705 1760 STADlI
739 1731 959 1761 CURSORI.

237 1817 272 1856 Ο
292 1830 407 1860 CADM1
422 1829 505 1867 filiae,
516 1828 637 1858 Semele
651 1828 773 1868 quidem
786 1827 1000 1868 olympiarum
1016 1827 1164 1865 (dearum)
1179 1825 1270 1865 socia,

237 1881 355 1922 Inoque
372 1879 548 1911 Leucothea
572 1879 755 1909 marinarum
779 1877 1004 1908 contubernalis
1021 1876 1201 1914 Nereidum,
1217 1887 1270 1906 ve-

239 1932 301 1962 nite
315 1943 385 1962 curn
404 1929 548 1962 Herculis
564 1928 1022 1970 optimae-prolis—procreatrice
1035 1932 1130 1959 matre
1145 1927 1182 1957 ad
1197 1927 1269 1957 Me-

237 1982 321 2021 liam,
345 1992 506 2013 aureorum
522 1980 560 2011 ad
576 1981 760 2022 penetralem
785 1979 940 2020 tripodum
968 1980 1153 2015 thesaurum,
1177 1988 1268 2017 quem

238 2034 350 2064 eximie
367 2033 525 2064 honoravit
542 2031 665 2070 noxias,
681 2051 723 2054 —
740 2031 973 2072 [smeniumque
987 2029 1167 2066 nominavit,
1184 2039 1270 2059 vera-

239 2096 307 2115 cem
332 2084 487 2115 fatidicam
512 2083 634 2121 sedem3
659 2082 711 2113 ubi
737 2082 828 2113 etiam
847 2093 940 2120 nunc,
956 2093 974 2111 o
988 2080 1059 2112 filiae
1078 2080 1269 2119 Harmoniae,

236 2135 413 2176 indigenam
437 2134 608 2166 Heroidum
634 2139 753 2166 coetum
776 2138 996 2174 congregatum
1023 2131 1162 2169 (Loxias)
1181 2130 1271 2171 jubet
