1439 2437
525 223 767 256 CARMEN
792 222 832 252 X.
1144 219 1180 246 ¹9

148 315 254 342 cerunt
271 329 314 335 -
332 316 508 349 certamine,
525 321 587 342 uno
603 310 671 348 die;
697 310 765 341 aliae
781 313 884 340 autem
901 306 970 338 duae
987 305 1024 336 ad
1042 302 1181 334 Corinthi
1196 313 1249 334 sm
1268 314 1276 333 i

144 367 245 404 portas
272 367 440 393 evenerunt
455 367 559 404 postea
574 362 723 400 victorine,
740 360 869 401 aliusque
890 355 1098 399 Epharmosto
1115 354 1181 385 Ne-
1214 348 1267 369 ¹²⁷·

145 423 224 444 meae
242 413 273 444 in
291 424 429 452 recessu3
454 413 604 454 Argisque
620 412 753 444 obtinuit
781 411 875 442 decus
901 407 1086 450 (victoriam)
1106 405 1184 435 inter

144 465 235 501 viros,
252 475 387 506 puerque
397 465 538 496 Athenis.
583 465 683 498 Quale
699 469 803 494 autem
822 459 1184 499 Marathone‚digrcssus

144 515 182 545 ab
197 515 396 554 imberbibus,
423 516 572 547 sustinuit
596 521 753 546 certamen
777 513 961 545 adultiorum
978 510 1016 541 de
1031 507 1182 550 argenteis

142 565 270 607 phialis!
302 567 440 608 virosque
462 567 551 598 celeri
572 567 642 598 dolo
658 566 774 598 invicto
795 575 892 606 quum
909 565 1090 604 superasset,
1116 569 1183 600 per-

144 617 252 647 transit
279 616 404 649 Circum
432 623 547 660 quanto
573 629 643 649 curn
670 619 801 649 clamore
829 617 993 652 formosus,
1010 617 1041 643 et
1065 612 1183 653 pulcer,

145 678 281 710 cumque
297 674 494 711 perpetrasset
510 669 712 712 pulcerrima!
731 688 773 693 -—
791 667 950 700 Parrhasio
960 665 1051 696 etiarn
1069 663 1185 705 populo
1200 665 1216 684 Α

146 719 340 751 admirandus
356 722 494 763 adparuit
509 722 527 753 J
532 722 596 753 ovis
612 723 642 753 in
654 721 800 763 panegyri
814 719 929 760 Lyczei,
944 723 1072 757 tumque
1088 725 1185 756 quum

146 770 322 811 frigidarum
334 774 470 815 tepidum
479 774 647 805 remedium
659 784 800 804 aurarum
814 769 1033 811 (chlamydem)
1054 767 1189 798 Pellena·

147 827 324 863 reportaret.
369 825 471 856 Testis
487 826 578 856 etiam
597 830 643 856 est
659 825 856 856 victoriarum
874 821 938 863 ejus
952 819 1034 851 Jolai
1050 818 1189 849 tumulus

150 874 329 916 marinaque
346 875 478 908 Eleusis.
517 877 608 910 Quod
624 882 733 907 natura
742 880 845 906 autem
858 871 1022 911 contingit,
1035 869 1188 910 optimum

148 935 241 955 omne
254 931 310 957 est.
354 927 452 958 Multi
470 938 539 958 vero
556 927 718 958 hominum
735 924 892 967 acquisitis
907 921 1069 962 disciplina
1095 919 1189 949 virtu-

149 977 234 1007 tibus
250 977 377 1017 gloriam
395 978 500 1009 annixi
516 983 588 1009 sunt
604 978 733 1019 assequi.
779 977 903 1016 Absque
919 973 977 1004 deo
990 977 1091 1003 autem
1113 973 1187 1011 (non

148 1027 280 1068 propitio
298 1028 411 1068 Genio)
437 1029 517 1070 quod
534 1029 601 1070 quis
624 1028 801 1070 susceperit,
818 1025 898 1057 sileri
916 1035 976 1055 uon
994 1023 1126 1054 deterius
1143 1027 1189 1052 est

151 1079 300 1118 (praestat)
316 1079 435 1110 fucinus
446 1081 697 1122 unumquodque.
733 1081 815 1110 Sunt
825 1077 908 1108 enim
922 1094 966 1098 —
976 1074 1034 1105 viae
1050 1073 1186 1114 (laudum
1205 1081 1284 1127 5344.

151 1130 450 1171 consequendarum)
470 1132 523 1162 viis
540 1132 607 1162 aliae
634 1131 809 1168 ulteriores3
842 1138 943 1170 neque
968 1137 1062 1157 unum
1080 1136 1189 1155 omnes
1221 1115 1274 1137 ¹³³·

151 1190 208 1210 nos
233 1181 292 1211 alet
315 1182 463 1212 studium.
508 1182 671 1214 Excellere
696 1183 797 1223 aliqua
813 1181 844 1211 in
861 1185 923 1210 arte
947 1189 1019 1209 sane
1035 1177 1128 1208 ardua
1142 1187 1189 1206 res

151 1235 208 1262 est.
253 1231 327 1263 Hoc
343 1238 446 1263 autem
472 1233 609 1265 adferens
627 1234 805 1275 praemium,
823 1233 883 1262 alte
903 1230 1062 1261 vociferare
1078 1228 1188 1258 audac-

151 1289 215 1320 ter3
240 1283 359 1314 huncce
385 1285 482 1315 virum
509 1285 654 1316 divinitus
671 1290 778 1316 natum
806 1294 870 1314 esse
896 1287 992 1313 manu
1015 1284 1187 1322 promtum,

150 1335 295 1365 membris
310 1336 464 1374 dextrum,
474 1337 619 1379 adspectu
633 1338 724 1368 robur
735 1347 797 1378 prae
814 1346 845 1365 se
862 1336 1023 1370 ferentem,
1039 1331 1093 1372 qui
1108 1332 1188 1362 inter

149 1385 311 1416 sollemnes
327 1387 431 1428 epulas
451 1389 547 1428 (sacro
572 1391 666 1429 facto)
687 1387 833 1429 Ajaceam
858 1384 972 1416 Oilidae
989 1383 1086 1414 victor
1101 1392 1186 1413 coro-

152 1436 234 1467 navit
252 1447 344 1469 aram.

1223 668 1253 684 nl.
1266 665 1289 685 4.

1218 698 1272 718 140*-

536 1597 570 1632 Ο
577 1597 641 1632 LY
648 1597 689 1632 M
698 1596 737 1632 P.
766 1597 814 1631 X.

365 1688 732 1728 AGESIDAMO
777 1686 975 1728 LOCRO

449 1751 895 1795 EPIZEPHYRRo,

581 1852 763 1881 PUGILI.

154 1921 374 1964 OLYMPICUM
391 1934 534 1966 victorem
551 1934 645 1976 legite
662 1934 739 1965 mihi
753 1934 944 1969 Archestrati
958 1934 1069 1973 filium,
1086 1934 1186 1976 quain
1202 1941 1252 1965 sir.
1270 1946 1290 1964 ι,

153 1988 236 2025 parte
250 1985 362 2015 mentis
372 1996 450 2017 meae
467 1985 597 2027 scriptus
613 1986 660 2017 sit.
706 1986 842 2017 Dulcem
869 1986 952 2016 enim
981 1987 1009 2016 ei
1038 1986 1185 2026 hymnum

153 2035 261 2066 debere
277 2047 326 2067 me
342 2037 454 2068 oblitus
471 2048 554 2069 sum.
599 2038 660 2068 Sed
675 2043 719 2076 tu,
737 2048 755 2068 o
772 2038 879 2076 Musa,
896 2043 989 2079 atque
1006 2042 1038 2068 tu
1055 2037 1117 2068 filia
1129 2037 1186 2068 Jo—

153 2086 210 2125 vis,
226 2086 355 2127 Veritas,
371 2088 492 2119 vindice
508 2099 603 2120 manu
619 2095 718 2121 arcete
731 2088 883 2120 mendacii
906 2089 1186 2129 reprehensionem,

153 2147 223 2178 quae
239 2137 270 2168 in
289 2138 440 2180 hospitem
458 2140 621 2181 deIIquisse
639 2152 688 2172 me
700 2146 820 2181 arguat.
843 2161 882 2164 —
896 2141 981 2172 Nam
992 2140 1189 2182 elonginquo
1202 2150 1292 2175 Anno.
