1439 2437
474 154 713 187 CARMEN
738 155 779 185 X.
1115 157 1149 182 81

106 242 212 283 utique
228 251 352 273 aeneum
368 241 484 272 excitat
499 241 652 283 populum
666 241 704 272 ad
721 239 907 271 sacrificium
925 238 945 270 J
951 238 1063 269 unonis
1076 248 1156 278 prze-

105 293 298 334 miorumque
318 291 486 333 judicium,
513 292 596 323 Uliae
624 292 703 323 filius
729 292 782 322 ubi
808 292 906 321 victor
933 290 989 328 bis,
1014 289 1156 321 Thiaeus‚

105 345 243 376 facilium
260 344 340 386 cepit
356 344 542 375 oblivionem
570 345 721 374 laborum.
744 363 787 366 -
811 342 957 373 obtinuit
974 353 1043 372 vero
1060 342 1153 372 etiam
1169 342 1224 398 ³4¹2}
1239 344 1262 365 ‘2-

104 396 136 427 in
153 396 336 427 Graecorum
352 401 508 427 conventu
526 396 668 437 Delphis,
685 396 827 436 bonaque
845 395 967 425 fortuna
978 405 1050 424 cum
1062 393 1153 424 adve-
1218 393 1223 398 '

103 447 210 486 nisset,
226 453 257 479 ct
271 448 303 478 in
321 448 441 479 isthmo
457 453 487 478 et
504 448 636 479 Nemeae
648 458 806 484 coronam,
818 443 982 488 Musisque
994 445 1153 486 negotium

101 498 233 540 praebuit
251 499 412 540 (carmine)
433 499 556 537 arandi;
581 504 626 529 ter
641 498 766 539 quidem
786 498 816 528 in
839 498 930 528 maris
944 497 1040 538 portis
1054 497 1153 537 (Isth-

101 551 167 589 mo)
186 549 293 588 victor,
309 555 354 581 ter
370 561 440 581 vero
456 550 549 581 etiam
562 550 652 580 sacris
667 549 697 579 in
715 548 832 589 campis
847 548 1006 579 Adrasteae
1019 546 1157 578 ditionis.

102 599 227 642 Jupiter
250 606 345 642 pater,
362 611 432 642 quae
459 602 566 642 utique
591 600 740 632 desiderat
763 600 879 638 animo,
896 600 1006 630 reticet
1028 598 1093 641 ejus
1109 610 1153 630 os.

103 652 216 682 Omnis
233 663 303 683 vero
319 658 445 684 eventus
462 663 556 694 penes
572 657 601 683 te
617 658 664 683 cst
676 663 794 691 eorum,
805 664 876 693 quae
891 658 1036 692 aguntur.
1082 651 1150 682 Ne-

103 713 163 744 que
181 702 255 742 (ille)
275 703 361 743 segni
377 704 478 742 corde,
497 704 608 744 (immo
624 704 706 744 vero)
725 704 853 734 afferens
866 703 1036 741 audaciam,
1054 713 1148 743 expc-

102 753 140 784 tit
156 754 352 787 beneficium.
376 775 420 778 —
442 755 528 786 Nota
544 766 622 786 cano
637 755 755 796 deoque
772 755 840 796 ipsi,
857 761 899 793 et,
916 754 1056 796 quisquis
1081 765 1147 785 cer·
1171 750 1252 806 Effif·

107 809 152 836 tat
177 805 214 837 de
238 817 451 847 supremorum
478 807 680 848 praemiorum
706 807 846 848 fastigiis.
894 808 1064 838 Summum
1088 816 1158 837 vero

107 855 178 888 Pisa
193 862 278 888 tenet
303 864 459 889 certamen
484 860 521 890 ab
549 859 683 890 Hercule
710 859 900 890 institutum.
946 859 1027 889 Sane
1051 869 1159 889 suaves

109 908 238 950 quidem
254 920 307 950 per
323 910 482 941 intervalla
493 910 524 940 in
535 909 627 941 sacris
637 910 876 942 Atheniensium
891 909 1155 951 (Panathenaicis)

106 959 206 1000 ipsum
225 971 313 991 voces
330 961 376 991 bis
391 961 603 999 decantarunt,
619 961 677 1002 (in)
697 968 836 1003 terraque
848 961 912 1002 igni
929 967 1018 992 cocta
1037 961 1158 1002 (hydria

106 1010 224 1050 figlina)
248 1011 366 1042 fructus
383 1012 459 1042 oleae
479 1013 595 1052 (oleum
611 1023 732 1043 sacrum
749 1023 803 1054 pro
820 1014 950 1054 praemio
967 1013 1087 1053 datum)
1108 1023 1154 1043 re-

105 1065 243 1102 portatus
259 1066 305 1092 est
321 1062 358 1093 ad
374 1062 510 1094 Junonis
526 1064 637 1095 fortem
656 1065 805 1105 populum
827 1065 951 1106 (Argos)
967 1065 1000 1096 in
1014 1076 1154 1097 vasorum

107 1113 309 1154 receptaculis
339 1114 441 1155 (theca
466 1116 564 1156 aenea)
593 1116 763 1156 variegatis.
792 1136 837 1139 —
859 1117 1006 1158 obtingit
1030 1129 1112 1156 vero,
1137 1128 1216 1151 OStr.
1235 1130 1258 1151 3.

105 1162 225 1202 Thiaee,
243 1163 394 1205 majorum
412 1171 620 1197 maternorum
641 1168 719 1208 (per)
733 1168 882 1198 illustrem
897 1174 1023 1210 gentem
1042 1174 1155 1200 vestro-
1186 1163 1226 1185 ²³9·

106 1225 187 1253 rum,
203 1215 394 1248 victoriarum
411 1218 507 1258 gloria
517 1217 678 1249 Charitum
689 1219 996 1261 Tyndaridarumque
1007 1220 1156 1252 beneficio

107 1266 264 1307 frequens.
310 1267 430 1300 Vellem
457 1270 610 1310 equidem,
634 1271 659 1301 si
682 1282 780 1302 essem
804 1271 964 1313 Thrasycli
989 1273 1157 1315 Antiaeque

109 1323 271 1358 cognatus,
287 1319 377 1360 Argis
395 1331 458 1352 non
483 1323 636 1353 occultare
660 1323 768 1354 lumen
795 1325 967 1355 oculorum.
1012 1325 1157 1357 Victoriis

107 1368 190 1400 enim
207 1375 282 1411 quot
300 1373 559 1412 equorum-altrix
584 1375 656 1405 urbs
674 1373 773 1405 Proeti
797 1376 920 1407 floruit!
953 1375 1158 1418 Corinthique

107 1420 138 1451 in
155 1421 323 1453 recessibus
336 1428 367 1453 et
381 1434 399 1453 a
415 1423 569 1456 Cleonaeis
596 1426 753 1467 (Nemeae)
783 1432 911 1469 quater3
929 1448 972 1451 —
988 1440 1004 1459 e
1021 1428 1154 1470 Sicyone
1171 1433 1226 1456 Am.
1244 1436 1269 1458 3.

106 1482 177 1504 vero
189 1474 437 1514 argento-donati
450 1487 522 1506 cum
533 1477 654 1508 vinariis
668 1478 777 1519 phialis
786 1478 916 1520 ingressi
927 1484 1000 1510 sunt
1012 1480 1153 1521 (Argos),
1184 1467 1224 1490 ⁸⁰⁶

107 1534 186 1565 eque
203 1524 337 1564 Pellene,
356 1526 457 1558 induti
481 1532 567 1569 tergo
583 1529 729 1561 mollibus
751 1531 856 1562 tramis
883 1532 1004 1572 (laena).
1048 1533 1091 1563 At
1113 1543 1155 1563 aes

109 1573 268 1606 infinitum
289 1578 430 1617 (praemia
447 1590 483 1609 ex
502 1582 573 1620 aere)
594 1591 654 1610 non
668 1592 790 1621 possum
808 1593 984 1614 recensere:
1010 1584 1156 1625 longioris

108 1625 190 1655 enim
215 1626 270 1656 otii
285 1633 373 1667 esset,
384 1640 582 1662 enumerare:
598 1632 680 1673 quod
691 1632 815 1673 quidem
830 1633 995 1666 Clitorium
1008 1635 1156 1677 etTegea

109 1681 141 1706 et
156 1677 344 1710 Achivorum
362 1682 491 1712 excelsae
509 1682 595 1713 urbes
612 1689 642 1714 et
660 1684 808 1725 Lycaeum
821 1685 914 1727 juxta
937 1687 1024 1718 Jovis
1042 1688 1151 1728 (arani)

108 1727 222 1768 posuit,
240 1729 292 1760 ubi
310 1742 399 1762 cursu
416 1733 531 1773 pedum
551 1745 762 1777 manuumque
779 1737 901 1769 vicisset
922 1739 1016 1780 (quis)
1036 1741 1153 1772 robore.

108 1797 152 1801 —
175 1779 282 1812 Quum
310 1782 418 1814 Castor
435 1790 538 1815 autem
557 1787 674 1817 venerit
696 1788 807 1829 hospes
831 1790 868 1820 ad
887 1790 1065 1832 Pamphaen
1077 1794 1108 1831 *‚
1125 1797 1156 1824 et
1170 1806 1215 1835 Ep.
1228 1809 1254 1832 3.

108 1830 198 1861 frater
214 1831 343 1864 Pollux:
369 1846 430 1865 non
449 1836 559 1867 mirum
576 1842 620 1868 est
637 1839 695 1870 illis
721 1839 777 1880 (illi
793 1841 881 1882 stirpi
896 1842 1011 1882 Thiaei)
1031 1843 1152 1884 ingeni·
1184 1842 1224 1863 9¹·

109 1885 176 1913 tum
193 1893 268 1922 esse,
285 1889 319 1915 ut
335 1885 397 1916 sint
413 1886 541 1918 athletae
558 1889 629 1919 boni
645 1903 651 1920 :
676 1890 827 1932 siquidem
845 1894 991 1934 spatiosa}
1008 1895 1153 1936 praesides

110 1932 227 1974 Spartae
258 1935 430 1975 (Dioscuri)
463 1940 667 1972 certaminum
695 1948 811 1976 sortem
840 1958 913 1977 cum
942 1947 1099 1978 Mercurio
1124 1953 1155 1979 et

112 1983 246 2016 Hercule
261 1988 433 2027 gubernant
450 1990 609 2023 florentem
620 2003 631 2031 3
656 1994 741 2026 valde
764 1997 887 2038 quidem
905 1999 1036 2030 virorum
1055 1999 1153 2030 bono·

111 2045 179 2066 rum
196 2047 298 2069 curam
315 2046 455 2080 gerentes
465 2052 473 2079 3
504 2046 534 2072 et
546 2054 619 2074 sane
633 2050 707 2076 sunt
724 2047 850 2081 deorum
869 2060 967 2092 genus
984 2050 1075 2081 fidem
1092 2062 1152 2082 ser-

406 2117 410 2127 ”
436 2115 510 2138 Unum
525 2125 536 2139 e
547 2116 622 2140 'shiaei
636 2119 775 2148 majoribus.

201 2159 274 2182 VOL.
293 2162 327 2182 ΙΙ.
678 2171 701 2191 M
