1439 2437
462 188 692 222 CARMEN
719 190 778 219 xl.
1104 188 1141 221 57

93 280 215 318 adesse3
244 284 275 311 et
291 277 477 310 Thcmidem
503 287 620 308 sacram
647 275 880 316 Pythonemque
897 278 927 304 et
949 272 1131 314 recte-judi-

95 335 216 362 cantem
234 336 320 362 terrae
338 329 519 360 umbilicum
545 328 661 360 canatis
677 327 776 370 prima
791 337 914 369 vespera
926 345 965 348 —
984 326 1015 356 in
1037 325 1132 367 septi·
1148 328 1192 359 1311-
1209 330 1245 350 1⁹-

95 383 228 423 portium
251 381 429 413 Thebarum
453 381 585 422 gratiam
603 380 842 421 certaminisque
859 378 976 410 Cirrhae
987 390 996 417 3
1022 379 1053 409 in
1071 390 1134 420 quo

94 433 297 474 Thrasydaeus
318 433 602 464 denuo-celebravit
625 434 700 463 lares
731 437 883 473 paternos,
909 432 1073 472 imponens
1099 431 1135 462 iis

95 485 202 516 tertius
228 495 384 524 coronam,
402 486 434 516 in
451 485 606 527 opulentis
632 484 708 515 arvis
728 483 852 525 Pyladae
879 483 984 522 victor,
1007 482 1137 524 hospitis

95 536 230 568 Laconis
257 537 388 568 Orestae.
409 556 453 561 ——
476 536 592 575 Quem,
618 537 780 567 interfecto
801 540 898 577 patre,
920 535 1049 566 Arsinoe
1063 533 1136 574 Cly·
1153 547 1232 570 swa,

95 591 283 619 taemnestrae
300 589 442 619 manibus
456 588 562 619 validis
578 599 617 618 ex
631 588 768 629 periculo
784 588 889 618 nutrix
904 587 1017 628 eripuit
1034 587 1136 617 luctu·
1170 584 1210 603 ‘³³'

96 649 161 678 oso,
180 640 303 681 quando
328 640 512 672 Dardanidae
535 640 629 672 filiam
659 640 771 671 Priami
790 639 990 670 Cassandram
1009 648 1138 669 corusco

97 701 156 721 aere
169 702 241 722 cum
259 691 506 732 Agamemnonia
534 692 637 723 anima
662 693 745 723 misit
769 691 953 723 Acherontis
976 691 1073 731 ripam
1100 690 1137 720 ad

97 743 271 774 umbrosam
295 762 338 767 —
363 742 492 774 crudelis
518 743 643 774 femina.
690 743 778 774 Num
804 744 886 774 illam
914 742 1075 784 Iphigenia
1100 741 1138 772 ad
1151 740 1240 793 ³3:2¹³?-

97 793 251 835 Euripum
266 799 399 826 mactata
414 796 522 835 procul
537 806 554 825 a
570 795 665 836 patria
682 795 862 833 stimulavit,
879 795 998 825 dolosas
1015 799 1049 825 ut
1065 804 1138 824 con-
1200 789 1206 795 ’

99 844 205 876 citaret
221 846 365 877 insidias?
392 857 430 877 an
447 846 506 877 alio
523 851 589 877 toro
612 847 824 877 lascivientum
851 846 994 877 nocturni
1010 845 1140 876 seduxe-

100 902 173 928 runt
189 899 370 938 amplexus?
395 898 477 939 quod
490 910 561 930 sane
573 898 739 940 juvenibus
753 898 897 929 uxoribus
913 897 1142 928 odiosissimum

101 954 147 979 est
174 950 336 990 flagitium,
354 950 478 991 fierique
502 962 563 981 non
587 955 699 992 potest,
718 955 752 981 ut
775 951 947 981 occultetur
969 968 1013 972 —-
1035 949 1142 980 alienis
1158 958 1205 986 Ερ.
1219 960 1244 981 2¹.

102 1000 228 1040 linguis,
272 1001 417 1032 Maledici
442 1001 525 1032 enim
550 1006 623 1032 sunt
646 1001 745 1039 cives3
774 1001 968 1042 sustinetque
984 1000 1144 1042 opulentia
1172 992 1215 1014 43.

103 1061 164 1081 non
190 1051 340 1083 minorem
368 1051 535 1091 invidiam3
560 1058 590 1083 at
607 1052 768 1084 humiliter
790 1053 895 1083 vivens
912 1052 943 1082 in
960 1051 1144 1082 abscondito

101 1102 203 1134 fremit
232 1103 420 1139 (obtrectat).
464 1103 584 1134 Interiit
612 1108 693 1134 certe
712 1103 872 1145 (quicquid
889 1107 946 1141 est)
976 1103 1040 1145 ipse
1057 1104 1145 1134 heros

101 1154 234 1193 AtrIdes‚
257 1166 392 1186 reversus
417 1155 552 1193 tandem,
570 1155 708 1186 inclitis
700 1167 732 1186 1n
750 1155 902 1196 Amyclis,
915 1173 960 1178 ——
984 1159 1144 1196 vatemque
1159 1158 1182 1180 S
1189 1166 1205 1181 r·
1216 1159 1241 1180 3-

100 1206 232 1247 perdidit
256 1217 361 1237 secum
384 1207 532 1248 puellam,
549 1212 711 1248 postquam
729 1208 768 1238 ob
786 1207 943 1238 Helenam
967 1211 1145 1238 exustorum
1176 1193 1216 1214 49

101 1256 305 1298 Trojanorum
334 1257 447 1299 dejecit
474 1258 582 1289 domos
607 1258 645 1288 de
671 1258 835 1299 (pristinis)
865 1259 984 1300 opibus.
1029 1259 1073 1289 At
1097 1259 1146 1288 ille

106 1308 258 1346 (Orestes)
286 1309 323 1340 ad
348 1320 453 1340 senem
481 1309 634 1350 hospitem
661 1308 843 1351 Strophium
872 1310 1011 1351 pervenit
1036 1310 1143 1351 puerili

103 1359 200 1400 capite
219 1363 334 1400 (puer),
346 1360 485 1391 Parnassi
496 1361 604 1403 pedem
623 1362 822 1400 incolentem,
838 1367 945 1404 postea
961 1373 1031 1393 vero
1042 1362 1144 1393 Marte

102 1411 204 1447 (ferro)
230 1415 260 1440 et
284 1416 412 1442 matrem
438 1412 589 1443 interfecit
614 1418 645 1444 et
670 1415 737 1445 neci
763 1414 848 1444 dedit
873 1413 1067 1455 sEgisthum.
1100 1433 1145 1437 -—-

105 1460 207 1501 Certe,
235 1472 254 1492 o
277 1462 379 1501 amici,
411 1464 666 1495 iter—deflectente
695 1465 783 1495 trivio
810 1470 937 1505 vagatus
965 1476 1047 1503 sum,
1072 1476 1144 1496 curn
1162 1479 1256 1502 Amy„

105 1517 188 1544 recta
203 1513 251 1544 via
264 1515 437 1546 incederem
454 1520 562 1553 antea3
587 1520 641 1546 aut
657 1521 768 1546 ventus
783 1526 831 1545 me
848 1516 955 1556 aliquis
972 1521 1057 1546 extra
1076 1518 1145 1553 (na·
1176 1513 1218 1534 58.

68 1557 71 1562 ’
106 1564 243 1605 vigandi)
269 1576 392 1597 cursum
420 1567 565 1608 propulit,
589 1572 625 1597 ut
649 1567 807 1607 navigium
835 1567 999 1597 marinum.
1045 1567 1094 1598 Ad
1115 1571 1145 1597 te

106 1625 188 1654 vero,
204 1626 222 1646 0
238 1616 342 1655 Musa,
361 1618 454 1658 (quod
471 1618 594 1655 attinet)
613 1619 639 1649 si
656 1619 795 1649 mercede
819 1623 907 1659 pacta
922 1629 953 1648 es
969 1619 1068 1650 locare
1090 1629 1144 1649 vo-

108 1677 174 1697 cem
193 1668 535 1707 argento-conductam,
552 1669 625 1700 alias
638 1669 697 1700 alia
707 1680 827 1700 movere
837 1680 890 1711 par
899 1674 963 1700 est:
979 1689 1019 1693 —
1034 1671 1109 1701 Non
1124 1672 1144 1691 ²*
1162 1686 1207 1714 Ep.
1218 1687 1241 1708 3,

106 1718 186 1759 patri
202 1717 396 1759 Pythionicae
416 1731 498 1750 nunc
515 1725 569 1751 aut
584 1719 772 1761 Thrasydaeo
788 1720 857 1762 ipsi,
873 1731 1004 1762 quorum
1021 1722 1146 1753 laetitia-
1178 1721 1217 1742 ⁶⁷·

108 1779 166 1810 que
180 1775 211 1800 et
233 1770 330 1810 gloria
353 1772 535 1812 resplendet.
582 1771 666 1802 Olim
694 1772 832 1803 curribus
855 1774 994 1814 praeclari
1019 1774 1148 1804 victores

108 1820 325 1862 Olympiaeque
341 1823 544 1854 certaminum
563 1824 785 1855 celeberrimor
780 1835 831 1854 un
849 1825 1051 1856 obtinuerunt
1067 1826 1148 1856 cele-

108 1873 329 1914 remfulgorem
343 1874 527 1913 (victoriam)
541 1876 645 1916 equis·
655 1875 889 1917 —Delphisque
903 1883 960 1917 (nu
964 1881 1016 1915 nc)
1029 1876 1124 1908 nudi
1116 1888 1148 1908 m
1163 1892 1186 1915 g
1192 1900 1210 1915 Γ
1223 1894 1246 1914 4

109 1923 240 1955 stadium
268 1936 364 1966 quum
391 1926 631 1967 descendissent,
649 1933 832 1969 superarunt
849 1928 1067 1960 Graecanicam
1083 1933 1148 1960 tur·
1178 1926 1220 1947 Τὸ·

109 1975 181 2006 bam
196 1977 366 2009 velocitate.
412 1979 572 2010 Divinitus
599 1984 765 2021 (quotquot
789 1979 914 2011 deorum
942 1981 1070 2011 numine
1093 1982 1150 2011 ob-

112 2025 248 2066 tingunt)
266 2034 407 2070 appetam
426 2031 524 2069 bona3
551 2031 586 2061 iis
611 2031 748 2070 studens,
766 2042 836 2072 quae
859 2032 978 2072 assequi
1001 2032 1073 2062 licet
1098 2042 1151 2072 per

111 2075 216 2109 vitam.
259 2079 414 2113 Decorum
433 2082 515 2113 enim
529 2082 666 2114 civilium
679 2094 753 2114 cum
767 2083 1017 2126 deprehenderim
1032 2085 1150 2116 medio·

414 2179 428 2193 ⁸⁸
443 2177 505 2208 Lego
515 2176 547 2206 μὴ
558 2178 634 2208 πατρὶ
647 2182 680 2202 Π.
701 2186 723 2202 v.
743 2180 783 2203 67.

199 2216 268 2237 VOL·
292 2217 328 2238 11-
635 2220 643 2239 1
