1474 2397
552 530 751 570 OLYMP.
775 530 801 564 l.

236 661 568 706 HIERONI
604 648 1116 699 SYRACUSANO,

398 806 522 840 EQUO
542 804 724 832 CELETE
749 799 923 830 VICTOR
936 798 963 825 1.

164 1025 459 1064 PRAESTAN‘HSSIMA
477 1027 600 1068 quidem
627 1026 720 1067 [inter
736 1030 835 1056 cetera
850 1024 1015 1065 elementa]
1041 1029 1087 1054 est
1109 1032 1199 1064 aqua,
1214 1037 1260 1060 ΞΠ,
1281 1041 1302 1061 1,

162 1086 193 1111 et
208 1091 327 1119 aurum,
340 1079 445 1110 ardens
462 1078 542 1119 ignis
558 1078 643 1108 velut
660 1081 762 1115 nocte,
779 1077 879 1117 fulget
895 1076 1041 1118 superb’as
1058 1074 1136 1105 inter
1151 1073 1199 1104 di-

162 1132 260 1163 vitias.
304 1131 340 1161 Si
357 1141 426 1160 vero
443 1128 610 1160 certamina
624 1138 731 1158 canere
747 1128 852 1168 gestis,
872 1127 974 1158 anime
997 1126 1052 1165 mi,
1068 1136 1124 1156 nec
1138 1125 1200 1155 sole

163 1182 363 1224 circumspice
378 1181 459 1211 aliud
475 1180 555 1221 quod
573 1179 703 1210 interdiu
720 1180 819 1210 calore
837 1190 893 1210 suo
916 1178 1015 1219 magis
1035 1178 1135 1208 foveat
1152 1177 1201 1207 lu·-

163 1233 266 1264 cidum
282 1238 397 1264 astrum
414 1241 546 1261 vacuum
565 1241 618 1271 per
634 1235 756 1260 aerem:
782 1241 840 1260 nec
857 1229 1025 1271 Olympico
1044 1233 1199 1260 certamen

162 1283 358 1325 praestantius
375 1281 589 1313 cantabimus:
614 1281 696 1312 unde
717 1280 856 1322 [ductus]
877 1280 1092 1312 celeberrimus
1109 1280 1200 1321 hym·

163 1347 222 1366 nus
237 1334 381 1376 procedit,
393 1338 553 1375 poetarum
565 1333 674 1364 studiis
688 1333 725 1363 ad
742 1332 929 1363 cantandum
943 1331 1070 1363 Saturni
1079 1332 1177 1364 filium
1191 1343 1199 1362 ι

163 1387 200 1418 ad
221 1387 399 1428 opulentam
424 1385 603 1416 accedentes
626 1386 807 1425 beatamque
833 1384 980 1415 Hieronis
1001 1383 1142 1423 domum,
1158 1402 1200 1408 -
1215 1396 1271 1419 Ant.
1292 1398 1330 1420 13.

158 1438 279 1479 justum
297 1437 349 1479 qui
374 1441 458 1467 tenet
474 1441 627 1477 sceptrum
646 1436 676 1467 in
698 1436 831 1467 fecunda
846 1437 992 1477 gregibus
1013 1436 1131 1476 Sicilia,
1147 1437 1200 1468 de-

163 1499 289 1530 cerpens
313 1488 413 1530 apices
438 1487 584 1518 virtutum
610 1487 770 1526 omnium3
802 1492 927 1518 ornatur
950 1487 1041 1519 etiam
1067 1488 1201 1520 Musieae

165 1539 364 1580 (carminum)
391 1539 473 1577 flore,
497 1538 758 1580 quemadmodum
784 1539 921 1570 ludimus
945 1539 1128 1581 hospitalem
1146 1550 1201 1571 nos

162 1595 264 1632 poetae
288 1590 463 1630 frequenter
486 1589 522 1620 ad
546 1600 697 1620 mensam.
743 1590 804 1620 Sed
825 1592 855 1630 (0
870 1590 973 1621 anime
989 1590 1045 1631 mi)
1063 1590 1199 1623 doricam

163 1640 311 1671 citharam
334 1650 352 1670 a
367 1640 453 1670 clavo
477 1639 591 1681 deripe,
613 1640 635 1670 si
658 1651 720 1682 qua
736 1640 791 1671 tibi
817 1640 957 1683 Pisaeque
982 1646 1013 1672 et
1038 1641 1199 1675 Pherenici

165 1691 249 1733 [equi
262 1690 398 1732 victoris]
425 1691 519 1722 decus
539 1691 667 1731 (laudes)
695 1692 834 1724 animum
860 1693 1046 1725 dulcissimis
1070 1695 1199 1726 immisit

165 1742 331 1784 (carminis)
352 1742 613 1783 meditationibus,
632 1755 732 1785 quum
749 1744 800 1775 ille
816 1744 853 1775 ad
878 1745 1034 1787 Alpheum
1053 1748 1199 1786 cucurrit,

162 1795 241 1825 latus
258 1794 350 1825 nullis
375 1794 542 1825 calcaribus
568 1795 789 1828 stimulatum
781 1808 813 1828 m
830 1797 988 1829 curriculis
1008 1798 1143 1838 babens5
1162 1799 1198 1830 ad

162 1845 380 1886 victoriamque
405 1845 532 1877 adduxit
548 1846 710 1878 dominum
733 1867 777 1871 -—
792 1848 1002 1890 Syracusium‚
1018 1850 1105 1892 equis
1120 1861 1199 1892 gau·
1214 1861 1290 1891 Epod

162 1896 285 1927 dentem
298 1907 412 1938 regem.
452 1897 602 1939 Splendet
614 1904 715 1930 autem
730 1899 797 1942 ejus
810 1901 906 1942 gloria
921 1901 1002 1943 apud
1017 1912 1196 1943 generosam
1227 1895 1268 1917 δ”·

163 1947 241 1988 Lydi
257 1947 378 1990 Pelopis
393 1949 556 1988 coloniam,
571 1961 664 1991 quem
679 1957 851 1993 praepotens
866 1953 981 1984 amavit
993 1958 1102 1985 terram
1121 1965 1197 1986 con-

163 1997 264 2029 tineus
280 1999 457 2041 Neptunus,
475 2006 636 2042 postquam
653 2012 724 2032 eum
742 2003 901 2044 splendido
923 2004 1021 2035 lebete
1044 2011 1198 2037 exemerat

165 2048 287 2088 Clotho,
303 2050 430 2082 humero
446 2063 484 2084 ex
499 2053 589 2084 ebore
611 2053 729 2084 nitente
745 2059 898 2086 ornatum.
945 2055 1026 2087 Sane
1049 2057 1136 2088 mirae
1152 2068 1199 2088 res

164 2105 238 2131 sunt
263 2102 387 2140 multae3
416 2110 446 2134 et
467 2114 690 2146 nonnunquam
717 2106 808 2137 etiam
835 2112 988 2139 exornatae
1013 2109 1197 2140 commentis

244 2153 316 2174 vor.
346 2155 380 2176 ιι.
700 2159 718 2178 B
