1439 2437
373 141 605 175 CARMEN
633 139 704 171 Vll.
1058 138 1098 164 95

65 237 144 267 iuter
158 234 297 270 athletas,
313 239 378 262 esse
394 229 541 267 Naxiam,
557 227 673 269 lapides
703 224 781 255 inter
808 221 893 258 aliOS,
911 218 994 251 aeris-
983 219 1100 251 —domi-

66 288 172 319 tricem
188 289 299 316 cotem.
326 282 447 323 Rigabo
463 292 514 312 eos
528 280 636 311 Dirces
646 287 722 320 pura
734 285 823 317 aqua,
839 282 933 315 quam
949 271 1025 303 alte·
1012 282 1100 303 --suc

66 339 178 370 cinctae
192 336 263 367 filiae
278 344 383 366 aurea·
370 337 484 364 -veste-
487 335 603 363 ornatae
632 330 854 368 Mnemosyncs
884 323 1100 366 produxerunt

62 389 151 431 juxta
167 389 243 419 bene
260 390 394 417 muratas
411 383 522 415 Cadmi
535 386 648 425 portas.

440 640 625 678 lSTHM.
654 639 731 675 vll.

140 739 519 784 STREPSIA
538 739 640 780 1)AE
670 738 1043 784 ΤΗΕΒΑΝΟ,

454 857 734 887 PANCRA'rlo.

73 974 230 1013 QUONAM
252 979 430 1020 priscorum,
447 987 466 1007 ο
482 977 569 1007 beata
583 975 669 1014 (dea)
692 973 814 1013 Theba,
829 973 975 1004 decorum
994 972 1108 1013 patrio·
1123 987 1170 1011 sm
1185 990 1208 1011 1,

71 1039 139 1060 rum
155 1028 288 1059 maxime
301 1027 441 1057 animum
456 1030 548 1056 tuum
561 1023 743 1054 oblectasti?
768 1022 857 1053 Num
875 1022 1107 1063 {ereis-cymba-

70 1080 287 1121 lis-strepentis
315 1088 496 1110 assessorem
514 1075 630 1108 Cereris
646 1075 770 1117 quando
786 1078 944 1106 comatum
961 1074 994 1105 in
1006 1074 1109 1104 lucem

71 1131 191 1162 edidisti
204 1130 366 1162 Bacchum
381 1131 392 1161 ?
418 1140 456 1160 an
467 1139 575 1160 aurum
587 1127 688 1159 media
700 1131 792 1158 nocte
804 1118 986 1168 ningentem
996 1136 1109 1166 quum-

71 1182 219 1224 excepisti
249 1181 539 1224 praestantissimum
567 1179 696 1210 deorum
727 1177 883 1218 (Jovem)‚
912 1197 956 1201 —
985 1177 1110 1217 quando
1124 1189 1214 1213 Ane.9.

72 1233 308 1276 Amphitruonis
332 1233 365 1264 in
388 1232 504 1263 foribus
527 1235 611 1262 stans
628 1230 770 1271 (domum
795 1230 964 1270 ingressus)
982 1239 1112 1260 uxorem

73 1286 215 1316 convenit
242 1285 399 1316 Herculeo
427 1283 566 1315 semiue?
598 1294 638 1314 an
661 1293 757 1325 quum
784 1281 914 1313 Tiresiae
937 1280 1111 1312 sollertibus

73 1336 227 1368 consiliis?
261 1347 298 1367 an
322 1347 420 1378 quum
446 1335 531 1366 Iolao
555 1333 902 1376 rei-equestris-perito?
937 1343 976 1363 an
993 1331 1111 1374 Spar-tis

73 1388 261 1428 (Thebanis)
287 1387 515 1418 invictis-hasta
542 1387 697 1425 (animum
721 1383 924 1425 oblectasti)?
954 1395 994 1416 an
1010 1395 1110 1426 quum

72 1439 132 1470 acri
147 1439 312 1470 Adrastum
328 1450 367 1470 ex
382 1439 521 1470 tumultu
544 1438 616 1469 belli
630 1437 783 1475 remisisti,
799 1437 941 1468 orbatum
957 1457 1001 1461 -
1017 1438 1110 1468 innu-
1126 1449 1172 1481 Er·
1185 1451 1223 1473 ῃ,

74 1491 164 1522 meris
194 1491 296 1529 sociis,
319 1491 356 1522 ad
384 1491 483 1531 Argos
510 1491 670 1531 equestre?
704 1499 744 1520 an
774 1488 923 1519 Doricam
957 1488 1111 1519 coloniam

75 1542 197 1583 quando
213 1543 301 1574 firmo
318 1542 507 1574 constituisti
533 1542 595 1572 talo
619 1541 723 1581 (firma
738 1540 894 1570 collocasti
910 1539 996 1577 sede)
1014 1540 1113 1570 Lace-

74 1593 320 1625 daemoniorum?
346 1598 552 1635 ceperuntque
568 1593 715 1634 Amyclas
733 1591 861 1633 AEgidae
877 1591 924 1623 tui
939 1591 995 1623 filii
1012 1591 1112 1632 (The-

74 1644 222 1676 banorum
251 1646 362 1683 tribus)
394 1645 522 1676 oraculis
551 1645 711 1686 Pythicis?
747 1643 917 1675 Enimvero
946 1643 1111 1685 antiquum

74 1695 272 1727 obdormiscit
296 1697 400 1735 decus,
417 1697 673 1737 immemoresque
690 1694 786 1737 (ejus)
803 1695 884 1726 fiunt
902 1696 1056 1739 mortales,
1069 1714 1114 1719 —-

74 1747 221 1789 quicquid
245 1759 307 1779 non
322 1748 481 1790 sapientiae
505 1749 610 1778 florem
637 1757 796 1778 summum
813 1749 928 1788 (poetae
944 1751 1040 1778 artem
1057 1757 1111 1777 ex·
1125 1756 1174 1779 sir.
1186 1758 1210 1780 2.

75 1799 280 1841 quisitiorem)
309 1804 483 1831 assecutum
512 1798 613 1837 fuerit,
640 1803 675 1829 ut
699 1797 815 1829 inclitis
839 1798 1010 1829 carminum
1041 1797 1113 1828 rivis
1143 1791 1182 1813 ²5·

76 1850 301 1890 (libationibus)
325 1851 529 1882 admisceatur
558 1849 762 1890 (carminibus
786 1849 981 1887 celebretur).
1027 1848 1113 1879 Cho-

76 1901 283 1934 reas-institue
295 1902 398 1943 igitur,
409 1902 567 1934 dulcisono
581 1913 653 1933 cum
668 1901 797 1943 hymno,
808 1901 901 1932 etiam
916 1900 1114 1942 Strepsiadae.

78 1951 224 1993 Reportat
246 1954 328 1985 enim
353 1965 391 1985 ex
418 1953 538 1984 Isthmo
568 1953 728 1984 victoriam
757 1952 920 1993 pancratii,
945 1953 1115 1994 roboreque

78 2005 244 2044 stupendus
271 2005 478 2048 adspectuque
499 2007 651 2037 formosus
660 2017 670 2044 3
701 2005 857 2044 habetque
882 2005 1027 2035 virtutem
1051 2015 1115 2035 non

77 2054 255 2088 deteriorem
279 2068 423 2099 corpore;
447 2076 490 2083 --
509 2056 740 2098 illustraturque
762 2066 817 2097 per
839 2055 1115 2087 violaceis-comis·
1129 2062 1220 2087 Anne.
