1439 2437
424 201 654 234 CARMEN
687 200 759 232 Vll.
1063 202 1103 236 73

476 471 607 507 ΝΕΜ.
635 471 711 506 VII.

278 628 559 685 soe-EM
598 627 990 675 AEGINETAE‚

276 796 369 815 INTER
386 797 502 816 PUEROS
526 796 746 816 aumouznno
770 795 908 815 vlCTom.

80 928 116 967 Ο
131 939 274 974 Luci-su,
298 937 431 967 assidens
457 935 560 967 Parcis
582 935 793 977 prudentibus,
810 935 872 966 filia
896 936 1108 977 praepotentis,
1124 946 1172 971 Str.
1190 949 1210 970 ι.

80 990 161 1030 audi,
175 989 318 1027 Junouis,
343 988 476 1029 genitrix
493 988 668 1019 liberorum.
704 988 830 1029 Absque
855 992 886 1017 te
910 998 974 1018 non
995 989 1110 1028 lucem,

80 1053 143 1074 non
159 1041 276 1082 nigram
289 1039 420 1070 contuiti
435 1043 571 1078 noctem,
588 1043 672 1069 tuam
690 1049 823 1069 sororem
835 1039 932 1069 sortiti
945 1039 1111 1071 fuissemus

76 1092 343 1135 pulcrimembrem
356 1089 568 1131 juventutem.
613 1090 774 1131 Spiramus
791 1094 894 1120 autem
924 1101 986 1120 non
1003 1101 1111 1122 omnes

77 1143 143 1186 pari
159 1143 354 1175 conditione:
379 1141 430 1172 sed
454 1141 604 1183 disjungit
620 1141 674 1172 fati
687 1140 800 1182 jugum
819 1141 914 1171 alium
932 1141 1002 1172 alio.
1041 1142 1112 1173 Tuo

76 1206 148 1227 vero
160 1194 294 1235 auspicio
309 1194 401 1225 etiam
415 1193 497 1224 filius
513 1193 694 1224 Thearionis
710 1192 823 1223 virtute
843 1192 1003 1234 judicatus
1020 1194 1109 1224 nobi-

79 1247 117 1277 lis
134 1250 272 1277 cantator
288 1245 424 1286 Sogenes
449 1245 528 1275 inter
554 1244 817 1285 quinquertiones.
834 1262 878 1266 —-
890 1243 975 1274 Nam
1005 1245 1113 1276 urbem
1129 1261 1186 1284 Ant.
1197 1262 1222 1284 3.

79 1296 369 1328 cantus—studiosam
397 1295 548 1327 inhabitat
572 1295 878 1337 hasta-strepentium
901 1294 1111 1327 AEacidarum.

76 1347 172 1378 Valde
188 1358 257 1377 vero
273 1347 402 1388 cupiunt
417 1347 628 1388 experientem
658 1357 688 1376 se
719 1346 887 1376 certamine
909 1347 1113 1387 (experiundo

78 1398 258 1436 certamina)
273 1398 411 1428 animum
428 1407 579 1427 exercere.
604 1396 636 1426 Si
654 1407 723 1426 vero
736 1396 804 1437 quis
827 1397 859 1426 in
876 1397 1019 1427 certando
1036 1398 1114 1429 felix

77 1449 177 1487 fuerit,
194 1448 342 1479 mellitam
360 1449 517 1477 materiem
540 1447 613 1477 rivis
628 1447 791 1477 Musarum
808 1448 936 1487 praebet.
982 1448 1112 1489 Magnae

78 1500 160 1530 enim
177 1499 302 1528 virtutes
318 1496 481 1537 caliginem
496 1497 626 1527 multam
644 1496 771 1536 habent,
788 1497 812 1528 si
828 1498 952 1538 hymnis
970 1506 1113 1539 careant3

78 1550 228 1590 factisque
252 1546 407 1589 praeclaris
428 1548 591 1588 speculum
617 1540 826 1588 (contingere)
854 1549 997 1580 novimus
1022 1551 1115 1582 unico

80 1600 183 1638 modo,
199 1599 224 1629 si
239 1598 461 1639 Mnemosynes
478 1599 635 1629 voluntate
653 1599 949 1640 splendide—vittatae
965 1600 1116 1633 invenerit

81 1651 188 1692 aliquis
201 1649 330 1691 praemia
344 1649 482 1679 laborum
499 1649 613 1680 inclitis
637 1649 809 1681 carminum
835 1650 987 1683 cantibus.
1004 1653 1114 1684 -Sa-
1127 1671 1174 1701 Ep
1192 1669 1234 1692 25.

77 1703 197 1744 pientes
224 1711 295 1731 vero
326 1699 461 1741 (navium
489 1701 719 1741 gubernatores)
746 1702 884 1732 futurum
912 1703 1116 1743 perendinum

78 1758 206 1784 ventum
223 1757 293 1782 ante
310 1755 511 1792 cognoscunt,
541 1762 639 1793 neque
654 1753 739 1783 lucro
756 1751 846 1793 (lucri
869 1753 984 1794 studio)
1017 1756 1116 1796 negli-

78 1809 167 1846 gunt.
209 1803 305 1834 Dives
321 1813 495 1844 pauperque
510 1803 616 1834 mortis
631 1803 669 1834 ad
683 1804 862 1845 sepulcrum
880 1805 1023 1837 tendunt.
1046 1806 1120 1847 Ego

78 1866 148 1887 vero
158 1855 334 1896 ampliorem
345 1854 470 1885 arbitror
480 1855 593 1885 famam
606 1855 709 1896 Ulyssi
719 1866 810 1897 quam
821 1866 876 1897 pro
886 1856 1058 1888 calamitate
1067 1869 1122 1889 sua

80 1918 133 1948 per
160 1906 372 1948 suaviloquum
398 1905 566 1946 contigisse
592 1906 781 1938 Homerum.
798 1926 842 1930 --
857 1906 1121 1949 Quandoquidem
1134 1914 1179 1937 Str.
1197 1915 1219 1937 Ξ.

79 1957 233 1998 figmentis
249 1957 316 1999 ejus
333 1957 457 1987 sublimi
485 1956 625 1998 (ingenii)
644 1958 793 1988 facultate
808 1968 899 1999 grave
923 1957 1003 1989 inest
1029 1956 1165 2000 quid-'³

81 2008 163 2047 dam,
179 2009 369 2050 sollertiaque
385 2010 505 2039 occulte
521 2009 671 2040 seducens
687 2009 988 2041 fabulis.Coecu1n
1016 2016 1120 2044 autem

81 2069 132 2090 cor
148 2059 237 2090 habet
253 2059 417 2091 multitudo
432 2059 595 2090 hominum
613 2061 758 2092 maxima.
797 2061 880 2092 Nam
906 2061 931 2092 si
946 2061 1124 2103 potuiSsent

80 2120 166 2141 suam
183 2110 337 2143 veritatem
355 2121 551 2153 cognoscere,
567 2121 631 2143 non
650 2123 722 2144 sane
735 2122 889 2146 armorum
906 2123 1013 2145 caussa
1028 2113 1123 2146 iratus

165 2163 233 2183 vor.
253 2163 288 2185 η.
600 2164 620 2184 L
