1439 2437
485 208 769 242 CARMENI.
1118 200 1156 226 2⁴.)

126 306 286 344 portunam
309 298 486 328 facultatem
504 297 653 337 praebens,
679 295 708 325 O
726 294 830 330 Musa,
846 292 936 323 ctiam
959 291 1039 333 apud
1060 289 1156 319 Dino-

124 360 243 383 menem
262 349 372 389 (filium
391 347 548 386 Hieronis)
562 352 595 377 ut
608 356 711 385 canas,
720 346 884 385 obsequere
896 343 982 380 mihi,
994 340 1157 383 praemium

120 402 344 444 quadrigarum.
397 399 553 430 Gaudium
579 398 663 428 euim
692 407 754 427 non
781 396 928 433 alienum,
953 393 1079 425 victoria
1102 402 1155 432 pa-

124 455 188 485 tris.
211 454 290 493 Age,
305 451 447 492 deinceps
463 449 570 480 [Etnae
593 449 657 490 regi
685 447 780 488 (Jovi)
798 452 919 488 gratum
945 444 1157 485 excogitemus

126 506 289 545 hymnum,
305 520 350 526 —-
364 502 415 533 cui
432 502 537 533 urbem
555 501 638 532 illam
655 499 904 530 divinalibertate
913 497 1058 528 donatam
1076 495 1154 535 Hyl-
1169 496 1260 550 SJK-3⁴·

124 556 192 587 licoe.
208 565 325 586 normae
340 553 459 594 legibus
476 552 574 584 Hiero
590 551 736 582 condidit.
767 551 886 581 Volunt
909 560 978 580 vero
996 546 1157 588 Pamphyli
1239 545 1244 549 '

123 613 214 649 atque
229 606 320 637 etiam
339 604 571 636 Heraclidarum
589 603 711 644 posteri,
728 603 765 634 ad
778 613 844 633 oras
865 600 997 641 'l‘aygeti
1014 599 1155 630 habitan-

126 664 181 696 tes,
197 668 318 698 semper
340 656 506 687 immanere
522 655 641 695 legibus
658 653 801 694 AEgimii,
818 652 995 684 Dorienses.
1031 650 1157 681 Tenue-

125 716 197 742 runt
211 720 281 740 vero
294 709 436 749 Amyclas
446 707 592 738 fortunati
603 706 657 744 illi,
671 716 687 736 e
698 705 797 736 Pindo
808 704 945 746 profecti,
957 701 1156 743 albis-equis-

125 766 281 792 vcetorum
296 759 538 800 Tyndaridarum
557 757 743 789 celeberrimi
770 757 898 793 accone,
912 765 1042 796 quorum
1059 752 1158 794 gloria

128 812 226 843 ssoruit
250 811 357 842 hastae.
371 829 414 833 ——
429 809 564 851 Jupiter,
591 814 701 850 praesta
716 809 796 846 haec,
824 816 866 845 et,
895 813 928 838 ut
943 816 1063 847 semper
1089 804 1157 835 talis
1174 808 1260 848 1⁴¹{j-4-

128 863 262 894 conditio
282 863 412 893 Amenae
434 861 526 903 juxta
542 871 634 902 aquas
651 860 767 892 civibus
785 860 967 900 regibusque
980 868 1079 888 veram
1090 856 1156 887 effi·
1188 843 1241 863 1⁰⁰⁸

129 914 189 944 eiat
203 915 314 944 famam
335 915 383 953 (ut
400 923 466 943 vere
482 912 549 942 haec
564 912 783 951 memorentur)
806 911 884 941 inter
900 909 1050 940 homines.
1089 907 1159 938 Tua

128 976 186 1006 ope
196 975 247 995 rex
256 964 414 1005 filiumque
424 964 545 994 hortatu
557 973 614 994 suo
630 963 838 1004 populumque
851 972 942 992 senex
953 964 1108 991 convertat
1124 959 1162 990 ad

129 1016 310 1047 concordem
337 1015 599 1056 tranquillitatem.
626 1014 762 1055 Supplex
779 1024 842 1051 or0,
869 1013 979 1050 adnue,
1008 1011 1161 1049 Saturnie,

130 1067 258 1109 pacifica
273 1072 306 1098 ut
331 1067 362 1098 in
387 1067 481 1098 domo
497 1066 678 1097 Phoenicius
694 1065 984 1106 Tyrrhenorumque
1011 1063 1162 1094 tumultus

130 1118 258 1149 bellicus
274 1129 305 1149 se
321 1118 486 1156 contineat,
498 1118 844 1160 navibus-perniciosam
862 1117 900 1147 ad
916 1116 1032 1148 Cumas
1045 1114 1162 1146 cladem

130 1170 279 1201 intuitus:
293 1188 337 1193 -
352 1169 451 1211 qualia
464 1168 608 1210 (scilicet)
624 1180 641 1200 a
655 1180 726 1210 rege
738 1169 997 1210 Syracusanorum
1010 1166 1080 1197 victi
1093 1176 1160 1207 pas-
1178 1172 1287 1202 Evam-1.

133 1220 158 1250 si
175 1226 268 1258 sunt3
292 1220 446 1251 velocibus
463 1231 479 1250 e
496 1220 622 1251 navibus
650 1221 704 1261 qui
731 1221 763 1251 in
788 1230 870 1250 mare
886 1218 998 1260 dejecit
1028 1218 1163 1259 ipsorum
1195 1207 1251 1228 ¹4²¹*

128 1270 334 1312 juventutem,
351 1271 506 1302 Graeciam
523 1271 684 1302 extrahens
711 1283 727 1302 e
743 1271 827 1311 gravi
852 1271 1006 1301 servitute.
1030 1269 1164 1301 Praefero

135 1322 213 1363 (aliis
228 1322 383 1361 laudibus)
401 1322 482 1363 apud
495 1322 686 1354 Salaminem
699 1322 939 1353 Atheniensibus
952 1321 1087 1352 debitam
1101 1322 1165 1352 vic-

132 1373 218 1405 toriae
234 1374 378 1412 1audem3
403 1373 522 1414 Spartae
538 1379 641 1405 autem
667 1374 825 1405 celebrabo
851 1379 923 1404 ante
954 1372 1164 1403 Cithaeronem

132 1426 329 1457 commissam
361 1436 498 1466 pugnam
513 1436 522 1463 ;
546 1425 657 1466 quibus
688 1424 775 1456 Medi
792 1424 866 1455 victi
896 1429 970 1455 sunt
997 1424 1165 1465 sagittarii:

132 1477 287 1509 enimvero
302 1477 340 1508 ad
355 1478 623 1518 pulcre-aquosam
650 1477 746 1518 ripam
765 1476 905 1507 Himerae
929 1475 998 1506 filiis
1015 1475 1167 1516 hymnum

134 1528 326 1559 Dinomenis
340 1528 488 1570 perficias,
513 1529 617 1559 anime
638 1528 694 1567 mi,
724 1538 815 1569 quem
845 1527 981 1568 accipere
1010 1527 1167 1568 promeriti

134 1584 208 1610 sunt
222 1580 333 1610 virtute
347 1579 484 1610 hostibus
500 1579 677 1620 profligatis.
693 1598 736 1602 ——
752 1579 786 1609 Si
802 1579 906 1609 dextre
922 1578 1038 1616 laudes,
1055 1579 1167 1609 multa·
1182 1593 1229 1613 s.-
1250 1590 1273 1613 5,

134 1641 204 1661 rum
220 1641 321 1661 rerum
338 1641 474 1661 summas
492 1631 673 1672 complexus
686 1630 821 1661 oratione
837 1629 932 1667 brevi,
949 1629 1049 1661 minor
1063 1631 1166 1671 sequi·
1198 1625 1257 1648 ¹⁵⁷·

134 1688 186 1712 tur
200 1681 315 1712 invidia
330 1681 505 1712 hominum.
529 1680 646 1712 Contra
662 1681 783 1711 satietas
795 1681 939 1712 obtundit
955 1681 1074 1722 ingrata
1089 1684 1169 1713 cele-

135 1743 182 1763 res
198 1738 328 1763 mentes.
353 1732 449 1763 Fama
459 1743 539 1771 vero,
556 1733 689 1763 maxime
705 1733 742 1763 de
752 1733 915 1764 virtu-tibus
925 1733 1041 1772 alienis,
1055 1734 1170 1766 civium

137 1784 260 1814 occulte
274 1783 412 1814 animum
431 1785 583 1814 molestat.
607 1785 766 1822 Attamen,
777 1794 847 1814 nam
859 1784 967 1815 melior
977 1785 1170 1816 miseratione

136 1833 258 1872 invidia,
276 1845 313 1864 ne
326 1834 527 1875 praetermitte
545 1835 683 1866 honesta.
708 1835 855 1866 Guberna
866 1835 952 1877 justo
965 1837 1051 1867 clavo
1067 1848 1167 1878 popu-

138 1886 215 1920 lum,
229 1884 387 1926 veracique
404 1885 434 1916 in
449 1886 560 1917 incude
576 1897 692 1917 exacue
709 1887 844 1927 linguam
867 1887 914 1927 (ad
930 1898 998 1918 vera
1013 1889 1168 1929 proferen-

139 1935 205 1975 da).
219 1955 264 1959 —
278 1936 311 1967 Si
326 1936 414 1977 quid,
429 1937 625 1977 quantumvis
642 1937 753 1977 lenius,
785 1949 940 1979 perperam
961 1940 1036 1979 (illa)
1055 1941 1170 1971 emis&
1182 1947 1238 1968 Am.
1250 1944 1272 1968 52.

139 1986 189 2025 rit,
205 1998 352 2027 magnum
382 1987 490 2028 utique
505 1987 645 2026 habetur,
661 1999 679 2019 a
706 1994 736 2019 te
766 1990 838 2030 quia
869 1989 963 2020 venit.
994 1990 1168 2022 Multorum
1196 1979 1240 2001 ¹⁰9

144 2036 284 2078 princeps
299 2048 342 2076 es,
359 2038 447 2069 multi
464 2043 555 2069 testes
572 2047 645 2070 sunt
662 2040 797 2080 utrisque
814 2041 904 2071 rebus
921 2042 1014 2078 (bene
1032 2043 1172 2084 maleque

142 2088 249 2127 gestis)
266 2099 380 2128 graves.
403 2089 452 2120 Tu
470 2100 538 2121 vero
555 2089 585 2120 in
599 2102 745 2131 generosa
757 2092 851 2123 animi
863 2093 963 2124 indole
980 2104 1173 2134 permanens,

147 2138 172 2169 si
189 2149 248 2179 qua
265 2140 351 2180 cupis
366 2141 479 2172 sarnam
496 2141 617 2172 dulcem
636 2153 757 2184 semper
774 2144 888 2182 audire,
907 2145 968 2176 noli
986 2156 1104 2186 parcere
1121 2146 1174 2178 ad-
