1439 2437
399 456 836 512 ISTHMIA.

492 745 672 782 ISTHM.
710 745 737 779 Ι.

190 844 611 888 HERODOTO
650 840 1042 886 THEBANO‚

524 961 705 990 CURRU.

100 1073 136 1112 Ο
156 1088 269 1109 MATER
285 1087 364 1116 mea,
375 1081 478 1114 tuum,
489 1074 698 1116 aureo-clipeo
709 1073 837 1115 insignis
846 1073 966 1112 Theba,
979 1074 1138 1114 negotium
1156 1081 1202 1104 Sir.
1217 1084 1240 1104 1.

97 1129 190 1161 etiam
201 1126 405 1168 occupatione
421 1130 514 1164 (meai
531 1123 633 1165 potius
646 1123 839 1154 existimabo,
885 1123 936 1154 Ne
951 1122 1028 1153 mihi
1038 1132 1143 1163 aspera

100 1182 279 1210 succenseat
296 1177 406 1216 Delus,
424 1177 454 1207 in
469 1186 529 1217 qua
545 1176 658 1206 effusus
677 1179 750 1216 (qua
763 1175 943 1206 celebranda
958 1175 1141 1215 occupatus)

101 1240 182 1261 sum.
226 1228 310 1262 Quid
334 1229 442 1265 carius,
466 1238 557 1268 quam
582 1227 745 1257 venerandi
774 1231 913 1268 parentes
943 1226 1031 1264 (sui),
1056 1225 1144 1256 bonis

101 1279 169 1311 est?
193 1280 285 1316 Cede,
304 1291 322 1310 o
338 1279 502 1320 Apollinea
517 1278 637 1317 (Dele).
683 1277 858 1319 Utrumque
872 1278 976 1319 utique
991 1278 1142 1317 hymnum

103 1342 174 1363 cum
190 1331 247 1362 diis
257 1331 421 1372 perducam
433 1330 469 1361 ad
484 1330 578 1361 finem
595 1342 602 1360 :
619 1349 661 1353 —-
671 1335 702 1360 et
712 1329 870 1360 intonsum
884 1329 1040 1360 Phoebum
1052 1329 1145 1359 choro
1160 1332 1215 1356 Ant·
1229 1333 1252 1354 8·

101 1383 257 1414 celebrans
273 1382 305 1412 in
321 1381 366 1412 Co
383 1381 572 1419 circumflua,
590 1392 662 1412 cum
681 1381 842 1412 maritimis
859 1381 929 1412 viris
948 1381 1145 1420 (insulanis);

103 1438 133 1465 et
157 1434 233 1465 mari
260 1437 383 1474 septum
401 1432 511 1463 Isthmi
525 1432 637 1474 jugum
654 1448 659 1464 :
683 1432 932 1474 quandoquidem
951 1443 1079 1464 coronas
1095 1443 1147 1463 sex

103 1485 238 1528 praebuit
268 1483 379 1515 Cadmi
406 1485 523 1526 populo
545 1495 583 1515 ex
606 1484 834 1523 certaminibus,
858 1484 1014 1516 victoriale
1042 1484 1148 1525 patriae

101 1537 204 1568 decus.
221 1537 258 1567 In
274 1547 334 1578 qua
343 1541 373 1567 et
383 1536 571 1578 intrepidum
583 1537 734 1568 Alcmena
746 1536 864 1578 peperit
873 1536 1021 1575 —filium,
1032 1537 1149 1567 feroces
1164 1538 1209 1569 Ep.
1222 1539 1264 1562 15-

97 1599 188 1630 quem
204 1588 358 1630 quondam
372 1588 526 1630 Geryonae
540 1589 724 1620 horruerunt
738 1599 839 1619 canes.
856 1589 900 1619 At
913 1599 971 1629 ego
988 1588 1151 1619 Herodoto

99 1650 208 1682 parans
219 1649 324 1670 currus
337 1638 508 1681 quadrijugi
521 1640 698 1681 praemium,
710 1639 831 1681 ipsique
845 1640 1061 1679 habenas,non
1075 1640 1149 1671 alie-

99 1691 146 1722 nis
164 1691 314 1727 manibus,
329 1690 458 1731 regenti,
468 1691 560 1722 velim
571 1696 625 1723 aut
637 1691 784 1722 castoreo
795 1695 848 1722 aut
858 1690 934 1722 Iolai
947 1691 1079 1723 inserere
1100 1691 1150 1733 ip-

101 1753 169 1773 sum
187 1742 313 1783 hymno.
348 1741 397 1772 Illi
413 1741 496 1773 enim
512 1742 592 1773 inter
607 1743 713 1774 heroes
729 1743 843 1785 aurigae
870 1743 1096 1775 Lacedaemone
1119 1748 1151 1774 et

99 1793 216 1824 Thebis
229 1793 404 1835 genitisunt
416 1793 896 1836 praestantissimi,—inludisque
912 1795 1148 1836 subieruutplu-
1162 1795 1210 1845 80²¹·-
1227 1798 1251 1819 Ξ-

101 1844 179 1876 rima
194 1844 374 1883 certamina,
391 1848 421 1875 et
437 1845 609 1886 tripodibus
622 1850 805 1877 ornaverunt
818 1846 945 1877 domum
958 1851 989 1877 et
998 1846 1150 1878 lebetibus
1175 1831 1212 1852 ‘⁶'

102 1895 271 1936 phiaiisque
312 1895 420 1934 aureis,
449 1896 531 1927 nacti
577 1908 702 1929 coronas
742 1897 892 1929 victrices.
938 1898 1051 1940 Fulget
1082 1909 1152 1930 vero

105 1946 183 1976 clara
198 1957 302 1978 eorum
313 1946 407 1978 virtus
423 1952 454 1979 et
469 1947 501 1979 in
516 1948 670 1990 gymnicis
687 1949 804 1989 stadiis,
816 1954 846 1980 et
859 1950 888 1980 in
906 1950 1094 1992 scutistrepis
1105 1961 1153 1982 ar-

104 1995 194 2027 matis
208 1997 626 2042 cursibus.—Quantumque
642 2001 783 2032 manibus
796 2001 802 2032 !
817 2002 925 2038 (lucta)
935 2006 964 2032 et
976 2001 1151 2043 jaculantes
1164 2005 1218 2030 Ant.
1229 2008 1252 2030 ί).

105 2046 210 2087 hastis,
217 2053 247 2080 et
259 2060 364 2082 saxeos
379 2051 502 2093 quando
513 2052 682 2084 emiserunt
696 2052 796 2084 discos
809 2053 815 2084 !
834 2053 917 2084 Nam
932 2053 1070 2085 nondum
1086 2060 1150 2086 erat
1180 2041 1211 2063 33

108 2099 352 2141 quinquertium,
368 2103 420 2135 sed
436 2103 562 2135 cuilibet
578 2104 740 2136 certamini
757 2115 846 2136 suum
864 2105 1071 2137 constitutum
1088 2111 1151 2138 erat

106 2151 284 2190 praemium.
307 2153 450 2188 Quorum
471 2156 501 2192 (e
523 2155 635 2197 quibus
648 2156 879 2189 certaminibus>
899 2157 1003 2188 multis
1019 2157 1156 2189 redimiti
