1439 2437
471 151 704 183 CARMEN
729 151 772 182 11.
1102 150 1142 183 87

103 243 190 274 vitias
206 241 352 278 occultas,
369 239 496 280 aliisque
514 238 666 269 insultans
681 236 778 274 ridet3
803 235 827 266 is
843 236 980 266 animam
1004 232 1089 264 Orco
1111 242 1143 262 se

106 293 234 335 pendere
250 302 312 322 non
329 291 445 332 cogitat
461 290 526 321 sine
543 290 650 331 gloria.

487 514 752 552 ISTHM.11.

107 615 558 660 XENOCRATI
591 611 1143 655 AGRIGENTINO.

109 735 232 773 Purser
249 738 385 780 quidem,
401 748 420 767 o
441 736 645 777 Thrasybule,
662 734 727 773 viri,
750 735 803 775 qui
827 732 1147 765 aureis-redimiculis·
1160 743 1208 766 Str.
1220 744 1243 765 1.

109 790 278 831 insignium
295 798 416 819 currum
430 786 592 816 Musarum
610 784 866 821 conscenderunt,
883 783 991 814 inclita
1006 794 1077 814 cum
1102 783 1147 815 ci-

110 842 196 872 thara
225 840 417 876 accedentes,
447 848 528 878 saepe
560 837 592 867 in
622 846 786 878 puerorum
818 835 947 876 gratiam
979 835 1149 866 emiserunt

111 893 288 924 mellisonos
305 891 456 932 hymnos3
481 888 505 919 si
521 888 589 929 quis
612 888 764 918 formosus
781 891 890 918 nactus
907 887 1005 918 fuerat
1020 885 1148 917 Veneris

110 943 327 984 pulcrithronae
344 951 479 983 precam,
496 939 711 970 suavissimum
729 939 833 969 florem
856 938 1090 980 (pubertatem).
1105 956 1150 961 —

111 995 204 1029 Musa
217 995 299 1024 enim
316 993 454 1024 nondum
471 990 676 1032 lucri-cupida
689 995 765 1021 tunc
781 994 855 1028 erat,
872 1000 972 1030 neque
990 999 1149 1020 mercena·
1164 999 1220 1021 Ant.
1232 999 1258 1022 9.

110 1046 163 1084 ria,
188 1056 286 1087 neque
302 1045 490 1075 vendebatur
514 1043 619 1074 dulces
636 1041 709 1081 (illi)
734 1041 888 1072 mellisoni
904 1052 922 1072 a
933 1041 1150 1083 Terpsichore,

110 1097 297 1138 deargentati
312 1097 410 1127 fronte
428 1094 622 1136 (praescripta
637 1093 669 1124 in
684 1094 784 1124 fronte
807 1093 925 1134 argenti
941 1104 1074 1132 summa,
1090 1104 1152 1135 qua

111 1149 231 1178 venales
245 1149 344 1186 erant)
361 1146 535 1177 mollivoces
546 1151 666 1176 cantus.
715 1144 810 1175 Nunc
822 1155 893 1175 vero
906 1144 1030 1186 expedit
1045 1144 1153 1185 Argivi

111 1200 267 1230 observare
283 1198 413 1237 dictum,
429 1197 467 1228 ad
482 1197 641 1228 veritatem
665 1196 804 1237 proxime
821 1196 969 1228 accedens
980 1209 986 1227 :
999 1216 1044 1221 ——
1056 1207 1153 1237 pecu·
1167 1211 1212 1242 Ep,
1227 1213 1265 1234 ¹7,

112 1251 177 1282 nias
193 1251 198 1281 !
223 1250 389 1292 pecunias!
414 1250 489 1280 heus
500 1248 614 1280 homo!
630 1248 684 1289 qui
699 1247 796 1278 dixit:
821 1248 932 1290 opibus
943 1259 1006 1280 una
1022 1248 1152 1279 destitu-

113 1307 163 1334 tus
180 1307 210 1333 et
226 1302 352 1333 amicis!
378 1301 507 1343 Sapiens
524 1300 606 1331 enirn
624 1304 656 1330 tu
674 1311 717 1338 es,
735 1310 792 1330 nec
809 1300 917 1341 ignaro
933 1311 1022 1331 cano.
1068 1299 1152 1330 Isth-

113 1354 208 1384 iniam
238 1353 391 1395 quadrigis
421 1352 578 1383 victoriam
612 1352 691 1382 hanc
711 1353 731 1372 ἦ*
766 1351 937 1382 Xenocrati
984 1351 1154 1392 Neptunus

113 1405 250 1445 largitus,
269 1404 455 1435 Doricorum
479 1404 536 1444 ipsi
565 1413 708 1433 coronam
738 1402 835 1433 cornis
864 1402 947 1433 misit
974 1402 1154 1443 illigandam

114 1457 264 1498 apiorum,
280 1476 323 1479 —
339 1460 646 1497 curru-praestantem
669 1455 769 1485 virum
792 1455 957 1493 honorans,
974 1454 1154 1495 Agrigenti·
1168 1463 1216 1487 sir.
1230 1466 1256 1487 e.

116 1519 223 1539 norum
255 1509 372 1539 lumen.
418 1507 515 1548 Prope
547 1507 679 1537 Crissam
709 1517 779 1537 vero
815 1511 991 1548 praepotens
1023 1506 1156 1548 respexit
1184 1497 1224 1519 ²4·

116 1560 228 1600 Apollo
244 1559 359 1600 ipsum,
375 1559 566 1600 praebuitque
582 1559 689 1589 decus.
733 1557 777 1588 Et
794 1558 901 1588 eodem
916 1562 1052 1600 ternpore
1066 1556 1156 1588 incli-

116 1610 155 1640 tis
173 1609 427 1640 Erechthidarum
443 1609 602 1640 decoribus
614 1609 757 1639 admotus
774 1611 927 1647 (ornatus)
944 1609 976 1639 in
991 1608 1158 1650 splendidis

116 1661 259 1699 Athenis,
278 1672 338 1691 non
357 1666 541 1702 conquestus
557 1665 603 1691 est
626 1659 664 1691 de
689 1671 794 1691 currus
820 1660 1034 1702 gubernatrice
1063 1671 1158 1691 manu

117 1723 264 1753 equorum
283 1712 450 1752 agitatoris,
466 1731 510 1734 ——
525 1723 617 1753 quam
643 1711 858 1743 Nicomachus
883 1711 978 1751 (idem
996 1712 1047 1742 hic
1062 1722 1158 1753 equo·
1173 1727 1260 1749 Amss,

116 1774 184 1794 rum
202 1763 346 1804 agitator)
363 1763 544 1804 tempestive
568 1763 708 1794 adhibuit
724 1763 868 1794 omnibus
890 1763 1037 1794 habenis:
1064 1774 1158 1804 quem
1188 1761 1228 1783 32·

117 1817 209 1845 etiam
225 1826 382 1855 praecones
400 1815 555 1846 Horarum
575 1813 779 1855 (certaminis)
795 1815 1047 1855 pronuntiarunt,
1058 1825 1158 1846 sacer-

117 1866 202 1897 dotes
218 1867 355 1898 Saturnii
385 1867 471 1898 Jovis
494 1867 574 1904 Elei,
605 1866 751 1897 facientes
781 1866 1009 1907 quodammodo
1035 1865 1161 1907 aliquod

119 1917 267 1959 hospitale
291 1918 439 1957 officium,
456 1924 486 1949 et
503 1918 746 1958 suave-spirante
772 1916 872 1959 ipsum
897 1919 1069 1949 salutarunt
1085 1928 1159 1947 voce

119 1980 219 2000 aurea}
234 1970 265 2000 in
288 1971 389 2002 sinum
418 1971 592 2012 prolapsum
618 1969 764 2000 Victoriae
787 1989 827 1993 —-
851 1974 928 2000 terra
954 1969 985 2000 in
1010 1970 1158 2011 ipsorum,
1175 1991 1218 2020 ΕΡ,
1240 1993 1254 2007 0

121 2030 214 2061 quam
229 2027 337 2053 vocant
353 2021 491 2063 Olympii
507 2021 593 2052 Jovis
610 2021 733 2051 lucum:
759 2020 810 2050 ubi
828 2020 1018 2051 immortales
1035 2020 1158 2052 AEncsi-
1190 2025 1228 2047 40-

378 2113 386 2121 “
402 2108 503 2137 'laihaim
514 2107 600 2130 ἰἰτσισι
614 2106 671 2130 n'mn
684 2107 729 2134 τὰν,
744 2106 763 2130 li.
779 2105 903 2130 ἀὐτην-η
