1439 2437
148 459 223 490 Epod.
236 462 258 483 ¹2.

186 495 225 516 34.

179 717 224 739 Str-⁴
235 718 257 739 53.

158 915 216 938 Ant.
232 918 254 941 3,

200 950 239 972 49.

204 1209 243 1231 55.

270 163 307 189 84
687 159 893 191 NEMEA.

269 244 323 276 filii
340 245 429 275 robur
444 244 602 286 impedivit
626 245 763 286 Pythone
778 245 949 286 periculum
971 246 1068 276 faeere
1092 243 1309 286 Olympiaeque

270 296 485 327 certaminum.
532 296 590 327 Per
605 297 688 327 enim
706 297 804 338 ipsam
814 296 1012 338 jurisjurandi
1021 296 1200 337 religionem
1214 296 1307 335 (asse-

270 349 352 386 vero)
368 359 375 377 :
401 358 468 377 mea
484 347 606 388 quidem
621 348 781 384 sententia,
800 348 836 378 ad
854 348 1017 379 Castaliam
1034 352 1064 379 et
1080 348 1117 378 ad
1133 348 1308 378 arborosum

270 400 423 440 profectus
447 400 556 429 collem
585 400 720 438 Saturni,
738 400 987 431 honorificentius
1014 410 1105 440 quarn
1134 401 1310 441 pugnantes

271 449 428 480 adversarii
452 450 599 488 rediisset,
614 470 657 473 —
673 451 899 492 quinquennale
915 452 1027 482 festum
1049 453 1087 481 ab
1112 450 1246 482 Hercule
1260 449 1311 480 in-

271 502 415 531 stitutum
432 502 596 537 celebrans,
608 501 828 544 redimitusque
839 513 959 533 comam
970 502 1130 543 purpureis
1140 500 1310 532 frondibus.

271 553 333 582 Sed
351 553 525 583 mortalium
542 554 636 584 alium
665 553 788 594 quidem
805 565 882 584 vana
897 554 1037 595 gloriatio
1060 553 1207 585 felicitate
1229 550 1308 592 deji-

271 615 338 634 cere
353 605 450 641 solet3
482 603 576 634 alium
600 615 670 634 vero
698 609 813 644 contra,
828 605 927 635 robori
955 604 1088 635 nimium
1104 604 1307 644 diffidentem,

271 654 398 696 propriis
422 654 520 695 privat
549 655 646 692 bonis,
665 666 757 685 manu
782 656 903 686 trahens
927 660 1017 695 retro,
1034 656 1155 686 animus
1182 653 1308 685 audacia

270 717 385 737 carens.
408 726 451 729 —
474 707 651 747 Agnoscere
662 707 827 738 admodum
839 707 926 738 facile
937 713 1000 738 erat
1017 706 1155 738 Pisandri
1170 705 1305 747 priscum

224 759 239 770 '¹
270 758 452 798 sanguinem
482 758 640 799 Spartani:
673 760 711 789 ab
736 759 873 799 Amyclis
897 759 978 789 enim
1002 759 1077 799 (ille)
1096 763 1219 788 venerat
1233 767 1305 786 cum

270 810 391 847 Oreste,
409 809 538 840 AEolum
556 811 727 841 exercitum
753 815 1017 841 aere-armatorum
1034 810 1095 840 huc
1114 807 1303 849 (Tenedum)

270 861 442 892 adducens:
468 866 499 891 et
514 861 551 892 ad
568 862 683 892 Ismeni
696 863 811 892 fluenta
821 861 993 892 admixtum
1012 859 1220 901 (sanguinem)
1232 858 1304 888 Me-

268 912 384 953 lanippi
407 913 454 942 avi
473 913 611 943 materni.
658 912 767 943 Priscae
785 917 887 944 autem
912 912 1038 943 virtutes
1055 930 1096 935 —
1111 913 1303 951 recuperant,

268 963 350 1003 (etsi)
369 974 421 1004 per
440 963 577 1003 (aliquot)
592 964 755 994 hominum
773 965 983 1004 generationes
999 962 1238 994 vicissitudinem
1249 971 1303 991 ex-

265 1019 372 1054 pertae,
396 1015 498 1045 robur.
544 1014 701 1046 Continue
724 1027 794 1046 vero
811 1026 911 1056 neque
928 1015 1014 1055 nigra
1029 1016 1131 1055 fruges
1148 1013 1234 1044 edere
1250 1022 1302 1041 so-

265 1066 330 1095 lent
346 1076 434 1103 arva3
460 1077 515 1096 nec
532 1066 652 1097 arbores
675 1071 780 1097 amant
795 1067 938 1096 omnibus
955 1076 1105 1096 annorum
1125 1063 1300 1096 recursibus

266 1118 370 1148 florem
386 1117 546 1148 odoratum
564 1118 639 1148 ferre
655 1118 743 1158 copia
752 1128 854 1158 parem
869 1117 946 1157 (pari
960 1117 1074 1157 copia),
1085 1115 1136 1146 sed
1146 1126 1199 1156 per
1209 1114 1300 1144 vices.

205 1184 217 1200 ν.
252 1168 319 1198 .Sic
335 1173 365 1198 et
382 1169 509 1198 mortale
532 1179 629 1209 genus
645 1169 732 1199 ducit
748 1188 790 1191 —
807 1168 928 1199 Fatum.
974 1169 1017 1198 At
1032 1178 1050 1198 a
1064 1167 1142 1198 Jove
1164 1164 1302 1198 homini-

267 1221 324 1250 bus
341 1225 457 1250 certum
483 1230 545 1250 non
570 1220 721 1261 contingit
747 1220 796 1260 (de
813 1223 938 1256 eventu)
957 1219 1092 1259 signum.
1137 1217 1180 1248 Et
1195 1222 1300 1248 tamen

263 1272 296 1302 in
323 1270 463 1312 superbia
493 1271 664 1301 incedimus
691 1282 799 1313 resque
824 1271 936 1301 multas
960 1270 1132 1301 molientes.
1176 1269 1300 1310 Illigata

263 1322 346 1353 enim
371 1325 443 1352 sunt
473 1321 645 1362 impudenti
662 1333 715 1363 spe
733 1323 869 1353 membra
900 1321 1081 1361 (homines),
1098 1320 1299 1362 providentiae

263 1384 333 1404 vero
352 1372 472 1413 (futuri)
491 1373 582 1413 longe
607 1374 718 1404 absunt
734 1373 802 1404 viae.
839 1372 1029 1405 ,Utilitatum
1051 1376 1154 1402 autem
1179 1375 1299 1413 oportet

264 1423 391 1455 modum
424 1423 525 1453 venari
555 1425 685 1463 (sectari,
711 1425 847 1461 tenere);
879 1428 1019 1465 appetere
1049 1433 1130 1462 vero,
1146 1434 1217 1464 quae
1231 1421 1298 1463 quis

264 1475 383 1517 assequi
399 1484 459 1505 non
477 1474 583 1515 possit,
598 1475 697 1515 gravis
713 1474 830 1507 insania
845 1479 901 1505 est.
