1439 2437
308 190 349 225 72
700 190 906 222 NEMEA.

200 290 292 312 Anne.

240 324 279 345 51.

202 1160 257 1183 Ant.
270 1162 294 1183 3.

239 1195 277 1215 88.

188 1476 263 1506 Εροῆ,
274 1478 297 1499 S,

227 1511 280 1531 101.

309 285 410 323 poetae
439 286 468 312 et
496 283 657 324 scriptores
669 286 814 326 praeclara
832 285 967 325 ipsorum
983 285 1117 315 facinora
1135 284 1200 326 jam
1213 285 1331 315 extule-

305 338 390 363 runt.
434 332 514 366 Quae
530 334 653 374 quidem
670 335 749 367 inter
764 335 880 365 Bassda
916 346 977 365 non
1002 340 1074 365 sunt
1100 345 1181 373 rara3
1208 335 1334 376 antiqua

304 395 391 424 gens,
407 395 461 414 sua
489 386 659 425 praebentes
676 389 694 407 'ss
730 386 879 425 encomia,
905 386 1058 416 Pieridum
1091 387 1259 417 cultoribus
1283 385 1336 427 qui

304 440 433 476 possunt
449 436 640 477 suppeditare
668 438 869 478 multiplicem
899 437 1048 477 hymnum
1075 438 1192 468 excelsa
1215 441 1337 478 propter

305 487 449 516 facinora.
473 486 599 518 Etenim
617 489 648 518 in
664 490 818 529 praeclara,
835 489 977 519 manibus
1001 493 1086 518 cestu
1110 488 1243 529 illigatis,
1268 487 1331 528 Py-

305 537 399 567 thone
412 538 485 568 vicit
499 539 653 579 quondam
671 550 707 572 ex
724 541 780 572 hac
801 540 914 570 familia
936 539 1058 580 sanguis
1077 540 1219 579 (soboles)
1238 549 1330 569 aure-

274 600 293 616 ι.
307 591 695 629 uni-sceptrum—gestantis
727 591 837 622 Callias
861 595 1004 631 acceptus
1021 609 1061 613 —-
1076 590 1160 631 stirpi
1186 590 1334 627 Latonae;

307 640 387 680 apud
405 639 628 682 Castaliamque
641 642 671 672 in
690 642 847 673 Chai-itum
862 643 918 672 sub
931 653 1086 682 vesperem
1096 642 1189 672 choro
1198 641 1315 671 refulsit
1327 651 1335 670 ε

306 690 457 731 marisque
468 692 661 731 ponsinvicti
679 694 843 734 (Isthmus)
863 693 894 723 in
912 693 1174 734 Amphictyonum
1191 691 1338 722 tauricida

307 740 456 771 trieteride
466 742 629 774 honoravit
642 745 742 785 (eum)
754 745 912 785 Neptunio
922 744 953 774 in
963 744 1088 774 delubro
1101 755 1110 781 3
1128 743 1281 782 herbaque
1291 741 1338 782 ip-

307 803 375 822 sum
401 792 563 833 aliquando
579 794 675 824 leonis
688 795 841 835 (Nemeis)
855 795 999 825 victorem
1011 793 1165 824 coronavit
1188 791 1338 823 umbrosis

238 856 249 886 L
285 860 296 869 ›.
310 842 461 873 Phliuntis
471 845 526 873 sub
538 845 671 885 antiquis
683 845 960 875 montibus-Lati
970 844 1105 884 undique
1125 842 1339 884 eloquentibus

309 899 381 923 sunt
398 894 495 924 aditus
511 895 546 925 ad
560 895 689 926 insulam
702 897 852 926 celebrem
864 896 943 925 hauc
960 895 1185 932 exornandam3
1202 893 1340 934 quando-

308 945 430 985 quidem
445 945 516 985 ipsis
533 946 672 977 AEacidae
688 947 838 977 dederunt
865 946 1008 976 eximiam
1038 947 1142 986 (hanc)
1161 945 1337 976 felicitatem

307 995 433 1026 virtutes
443 996 565 1028 edentes
577 1009 713 1039 magnas.
734 997 848 1027 volitat
858 1003 958 1027 autem
971 1009 1120 1038 supraque
1130 1002 1236 1027 terram
1249 1000 1278 1026 et
1291 1006 1344 1037 per

309 1057 391 1077 mare
402 1049 508 1087 procul
518 1059 629 1079 nomeu
641 1049 794 1089 ipsorum3
819 1048 909 1078 etiam
926 1048 963 1078 ad
978 1048 1153 1088 AEffliopes,
1170 1047 1342 1077 Memnone

310 1108 370 1128 uon
394 1109 521 1136 reverso,
546 1100 690 1140 processit
705 1110 712 1129 ε
730 1099 840 1139 quibus
866 1109 955 1139 grave
979 1099 1151 1140 supervenit
1176 1102 1341 1135 certamen,

310 1149 445 1179 Achilles
456 1150 485 1179 iu
497 1154 605 1179 terram
620 1149 807 1180 descendens
824 1150 861 1179 de
878 1150 1143 1187 curru‚—illustris
1157 1149 1254 1179 filium
1266 1148 1340 1179 dum

309 1199 460 1230 interfecit
470 1200 596 1231 Aurorae
608 1200 732 1241 cuspide
742 1201 839 1231 hastae
850 1200 988 1231 furentis.
1012 1200 1054 1230 Et
1064 1200 1143 1230 hanc
1153 1200 1275 1241 quidem
1287 1210 1342 1229 an-

308 1251 451 1292 tiquiores
465 1251 543 1282 viam
557 1252 1001 1292 latam(laudum)inveneruut‚
1018 1263 1094 1292 quos
1110 1262 1227 1293 sequor,
1241 1251 1344 1292 etipse

308 1303 379 1333 huic
393 1303 548 1336 (laudandi
565 1303 667 1333 studio
684 1303 833 1333 intentus.
857 1303 920 1336 Qui
935 1313 1003 1332 vero
1018 1302 1098 1333 circa
1110 1303 1243 1333 carinam
1261 1301 1344 1331 navis

308 1355 472 1384 volvuntur
482 1355 603 1391 fluctus,
614 1353 634 1383 ii
644 1364 763 1394 semper
772 1354 915 1384 dicuntur
924 1353 1032 1393 cuique
1042 1353 1175 1383 maxime
1186 1353 1344 1393 perturba-

309 1416 340 1436 re
351 1405 502 1446 animum.
525 1405 586 1435 Sed
602 1406 771 1435 voluntario
782 1415 839 1445 ego
855 1405 942 1434 dorso
952 1404 1075 1435 subiens
1086 1405 1244 1444 geminum
1256 1414 1344 1440 onus,

312 1467 413 1498 praeco
429 1457 535 1487 adveni
555 1457 698 1496 quintum
715 1467 806 1497 supra
823 1456 932 1495 viginti
949 1456 1007 1485 hoc
1025 1456 1178 1485 celebrans
1195 1474 1237 1477 ——
1251 1455 1345 1485 decus

313 1519 328 1537 e
342 1507 568 1545 certaminibus,
586 1518 654 1547 quae
682 1512 793 1537 vocant
809 1517 905 1541 sacra;
938 1505 1019 1546 quod
1042 1505 1206 1536 Alcimidas
1223 1505 1341 1546 peperit

314 1558 420 1588 inclito
437 1558 551 1597 generi.
591 1558 662 1587 Duo
675 1558 799 1598 quidem
816 1557 949 1587 Saturnii
967 1557 1048 1597 apud
1064 1556 1222 1587 delubrum
1241 1557 1305 1592 tibi,
1326 1567 1345 1586 o

314 1621 397 1651 puer,
415 1610 546 1650 tibique,
559 1609 692 1646 Timida‚
718 1609 829 1650 eripuit
845 1620 906 1639 sors
920 1608 1077 1638 temeraria
1088 1609 1173 1639 flores
1187 1608 1346 1649 Olympici

315 1659 498 1690 certaminis.
521 1659 673 1700 Delphini
689 1670 758 1690 vero
774 1660 931 1690 velocitate
944 1659 975 1689 in
988 1659 1062 1689 mari
1075 1659 1205 1690 similem
1217 1658 1345 1689 dixerim

317 1711 479 1742 Melesiam
497 1721 707 1751 manuumque
724 1715 754 1740 et
769 1711 884 1741 roboris
900 1711 1035 1751 aurigam
1056 1710 1315 1751 (moderatorem).

382 1800 393 1812 -ἴ
410 1797 534 1819 raum-omi]
548 1804 592 1819 nun
606 1797 680 1827 magis
693 1796 825 1826 emphatica
839 1804 890 1826 vox,
902 1805 969 1827 quatu
984 1796 1088 1827 vulgaris
1100 1796 1247 1827 ἔπιχαξηγιῖν.
1259 1794 1313 1826 (Κ.)
