1439 2437
461 167 697 200 CARMEN
721 169 761 199 V.
1095 173 1134 200 69

513 518 643 554 NEM.
670 517 712 553 V.

255 668 577 711 PYTHEAE
625 663 1016 710 AEGINETAE,

377 784 528 814 FILIO
559 781 842 812 LAMPONIS.

427 900 801 930 PANCRATIASTAE.

96 1036 183 1078 Non
198 1045 358 1077 statuarius
381 1056 462 1084 sum,
485 1049 520 1075 ut
536 1046 909 1076 non-loco-moventia-se
933 1044 1060 1077 fabricet
1083 1045 1124 1078 si·
1139 1061 1187 1083 su,
1210 1064 1231 1085 1.

96 1093 229 1124 mulacra
244 1091 274 1122 in
291 1091 394 1121 eadem
412 1090 475 1120 basi
491 1091 711 1131 permanentia.
755 1091 816 1121 Sed
833 1091 917 1122 omni
935 1091 1003 1121 navi
1019 1102 1125 1123 onera-

94 1143 137 1175 ria
153 1148 183 1173 ct
207 1143 316 1183 cymba
339 1143 464 1182 (magna
487 1146 518 1171 et
546 1142 648 1182 parva)
675 1141 864 1182 proficiscere
883 1143 919 1172 ab
946 1142 1073 1183 AEgina,
1093 1144 1123 1183 (o

94 1195 229 1233 carmen)
248 1194 403 1231 nuntians,
421 1192 503 1233 quod
521 1193 689 1234 Lamponis
722 1193 803 1223 filius
830 1193 960 1235 Pytheas
986 1195 1126 1224 robustus

95 1246 190 1276 victor
205 1244 360 1285 reportarit
376 1244 406 1274 in
424 1244 552 1274 Nemeis
568 1244 716 1284 pancratii
726 1255 880 1283 coronam.
904 1244 1052 1275 Nondum
1069 1256 1124 1286 ge-

96 1308 136 1328 na
151 1296 177 1327 ei
194 1295 320 1337 protulit
331 1300 482 1334 tenerum,
500 1300 627 1326 matrem
643 1296 769 1333 fructus,
783 1296 885 1326 florem
900 1297 939 1333 ἧςς
957 1315 999 1319 -
1015 1306 1051 1326 ex
1064 1297 1121 1327 Sa·-
1136 1309 1192 1334 Am,
1206 1313 1242 1335 12-

95 1352 186 1378 turno
202 1352 304 1377 tamen
317 1346 337 1377 J
341 1357 456 1387 oveque
470 1346 574 1377 heroes
592 1346 751 1377 bellicosos
761 1351 926 1387 prognatos
941 1352 972 1377 et
982 1348 1019 1378 ab
1030 1349 1126 1379 aureis

94 1398 288 1436 Nereidibus,
313 1397 467 1437 AEacidas,
493 1398 654 1437 decoravit,
682 1398 938 1440 metropolinque,
969 1405 1126 1431 amantem

95 1449 250 1491 hospitum
268 1454 397 1487 terram3
423 1460 492 1490 quae
511 1449 584 1480 olim
601 1454 638 1480 ut
654 1454 684 1480 et
706 1450 775 1481 viris
801 1451 912 1481 valeret
939 1455 970 1480 et
999 1452 1127 1482 navibus

95 1501 202 1532 inclita
225 1501 321 1540 fieret,
338 1501 561 1542 supplicarunt,
578 1501 614 1531 ad
641 1511 722 1532 aram
736 1500 829 1542 patris
842 1501 981 1532 Hellenii
1002 1507 1127 1542 stantes,

95 1551 346 1593 tetenderuntque
368 1552 405 1582 ad
423 1552 536 1582 aethera
551 1563 659 1582 manus
688 1553 791 1590 simul,
817 1551 967 1583 Endeidis
994 1554 1125 1584 celebres

96 1602 161 1640 filii,
177 1602 338 1642 (Telamon
354 1607 385 1633 et
401 1602 522 1643 Peleus)
540 1608 570 1633 et
582 1604 677 1634 robus
694 1603 790 1634 Phoci
806 1604 895 1644 regis,
912 1604 1062 1644 (Phocus)
1081 1623 1124 1629 —

72 1687 76 1692 ,
94 1654 161 1685 deae
187 1654 278 1692 filius,
294 1664 385 1695 quem
403 1653 584 1684 Psamathea
599 1655 718 1696 peperit
734 1654 765 1685 in
779 1655 878 1686 littore
886 1655 985 1686 maris.
1010 1655 1122 1688 Vereor

93 1715 156 1736 rem
172 1715 316 1745 magnam
339 1704 609 1747 eloqui‚justeque
636 1717 698 1736 non
726 1711 947 1747 perpetratam:
964 1708 1120 1748 quomodo

93 1755 208 1786 scilicet
231 1755 406 1796 reliquerint
434 1756 582 1787 celebrem
611 1757 752 1794 insulam,
772 1762 803 1788 et
833 1757 900 1799 quis
929 1758 1006 1788 viros
1030 1759 1122 1790 fortes

94 1805 167 1836 deus
182 1807 264 1837 ultus
277 1807 421 1847 abegerit.
446 1807 630 1838 Subsistam.
654 1808 727 1839 Non
744 1809 827 1839 enim
845 1809 921 1840 utile
935 1814 992 1846 est,
1009 1810 1120 1840 faciem

93 1856 248 1887 ostendere
272 1867 398 1888 omnem
423 1858 583 1890 veritatem
603 1859 684 1899 (etsi)
709 1864 845 1899 certam3
870 1865 900 1891 et
924 1865 1024 1892 tacere
1039 1871 1121 1902 saepe

94 1911 139 1936 est
154 1907 411 1948 sapientissimum
428 1909 505 1939 inter
521 1909 660 1941 homines
687 1911 835 1951 cogitatu.
848 1932 891 1935 —
904 1912 938 1943 Si
954 1922 1023 1942 vero
1047 1922 1120 1952 opes
1134 1929 1179 1951 Str.
1197 1933 1222 1954 2,

95 1961 148 1988 aut
163 1967 310 1989 manuum
326 1959 416 1990 robur
427 1964 480 1990 aut
495 1960 624 1992 ferreum
640 1961 760 1993 laudare
776 1963 889 1994 bellum
903 1963 1000 1994 visum
1017 1962 1117 2002 fuerit,
1148 1962 1190 1985 3*-

1138 1637 1182 1670 Ep.
1194 1641 1232 1664 ‘23-

128 2041 142 2055 ⁸
155 2042 237 2074 zedgu
259 2045 348 2076 accipio
367 2053 408 2075 pro
426 2043 490 2077 α’μν,
503 2050 528 2069 ut
550 2046 635 2070 Isthm.
653 2047 678 2070 ii.
701 2049 724 2070 8.
738 2047 797 2076 (K.)
808 2048 903 2071 Scilicet
915 2056 960 2071 non
973 2057 1014 2080 per
1026 2057 1051 2071 se
1062 2058 1067 2077 ς
1080 2049 1120 2071 ned

94 2082 139 2113 ἅμ
151 2087 185 2104 ent
194 2083 317 2113 juventas;
334 2089 450 2114 quatenus
461 2086 560 2115 enjusta
571 2092 627 2110 zetas
644 2092 678 2110 est
690 2088 813 2118 lanuginis
826 2089 960 2112 emittendze
974 2095 997 2112 et
1011 2090 1120 2120 puberta-

102 2122 132 2149 ἧς,
143 2121 247 2151 ιῐηένθιη,
258 2124 298 2147 illu
311 2133 402 2157 quoque
415 2128 449 2149 ott
460 2125 540 2158 δυνάμι.
