1474 2397
503 156 804 190 CARMENII.
1170 159 1188 185 5

160 259 313 294 paternam
330 252 458 283 istorum
475 257 578 282 tuctur
594 252 696 282 laetam
714 252 866 282 fortunam
884 250 1090 290 divinitusque
1106 249 1190 279 datas

160 315 243 346 opes,
256 304 388 345 aliquam
401 304 492 334 etiam
507 302 688 333 contrariam
705 302 763 332 alio
777 306 912 342 tempore
926 300 1042 331 cladem
1057 298 1190 337 induxit,

159 355 233 386 dum
257 355 379 396 quidem
403 353 554 385 interfecit
577 353 687 384 Laium
711 352 810 383 fatalis
834 352 913 383 filius
935 351 1055 382 obviam
1080 351 1191 389 sactus,

161 405 366 446 Pythonisque
389 405 550 446 antiquum
567 405 726 435 oraculum
754 404 790 434 ad
812 408 955 434 eventum
973 402 1110 434 adduxit.
1148 421 1192 426 ——
1204 410 1252 432 ειν.
1270 409 1293 430 3.

160 456 252 489 Quod
268 467 366 498 quum
384 456 506 487 vidisset
534 455 609 486 acris
626 455 771 496 Erinnys,
788 456 900 487 occidit
918 460 1025 486 mutua
1041 454 1124 485 caede
1140 465 1190 485 so-

160 508 258 538 bolem
276 507 340 549 ejus
357 508 544 538 bellicosam.
577 507 736 548 Superstes
754 512 855 538 autem
874 507 986 538 mansit
1001 506 1193 537 Thersander

161 559 323 590 interemto
348 559 495 600 Polynici,
517 558 705 599 juvenilibus
722 559 752 589 in
781 558 998 589 certaminibus
1020 557 1193 598 praeliisque

161 610 232 640 belli
247 610 343 650 gloria
359 610 499 650 insignis,
517 609 745 640 Adrastidarum
763 620 898 650 germen.
927 608 955 638 E
972 607 1061 649 cujus
1077 608 1194 638 semine

160 665 262 692 ortum
279 660 470 692 AEnesidami
488 661 586 692 filium
603 661 691 691 decet
707 661 878 691 carminum
896 660 1030 700 lyraeque
1048 659 1193 700 consequi

161 712 276 743 laudes.
293 730 333 736 —-
351 712 508 753 Olympiae
534 712 615 743 enim
642 712 707 753 ipse
723 711 888 753 praemium
913 710 1042 752 accepit,
1064 710 1194 752 Delphis

161 773 230 794 vero
242 763 334 804 inque
348 764 468 794 Isthmo
481 763 694 804 quadrigarum
712 762 874 794 duodecies
891 762 1075 793 curriculum
1086 773 1194 793 emen-

162 824 264 845 sarum
287 824 431 845 coronam
458 815 489 845 in
523 819 696 845 consortem
726 814 819 844 etiam
855 813 979 844 fratrem
1012 824 1195 844 communes

164 864 279 896 Gratiae
298 865 447 906 (victoria)
467 866 671 897 deduxerunt.
709 865 796 896 Felix
812 869 913 896 autem
931 875 1089 896 successus
1101 875 1195 906 expe-

162 916 292 947 rientem
309 921 462 948 certamen
475 918 580 948 liberat
591 918 628 948 ab
639 916 795 948 aerumnis.
812 915 982 957 Opulentia
996 927 1065 947 vero
1076 916 1196 947 virtuti-

164 968 221 998 bus
234 971 341 998 ornata
355 967 486 998 sustinet
501 968 624 999 adversa
640 974 671 999 et
690 968 837 1004 secunda,
855 971 927 998 utut
947 967 1127 1006 obveniunt,
1143 968 1197 1000 ad-

166 1018 263 1049 hibito
297 1019 433 1060 graviore
457 1020 663 1061 severioreque
684 1018 815 1061 judicio,
828 1038 869 1043 —
882 1019 965 1050 sidus
990 1019 1122 1061 insigne,
1144 1031 1195 1051 ve-

166 1080 234 1100 rum
250 1069 369 1101 homini
385 1071 490 1102 lumen
506 1083 514 1102 ε
538 1081 630 1112 quam
647 1071 672 1101 si
688 1071 756 1111 quis
772 1075 867 1109 tenet,
879 1071 963 1101 novit
975 1071 999 1101 is
1018 1073 1116 1112 (tenet
1130 1083 1197 1102 me-

167 1120 274 1159 moria)
292 1121 444 1161 futurum,
460 1122 541 1164 quod
567 1126 758 1153 mortuorum
776 1121 840 1152 illic
856 1121 960 1153 statim
976 1122 1082 1163 impiae
1108 1134 1196 1154 men-

167 1176 212 1203 tes
229 1182 336 1214 peenas
349 1173 451 1204 luunt.
485 1173 630 1214 Namque
645 1172 758 1203 delicta
775 1173 806 1204 in
822 1173 881 1204 hoc
897 1172 984 1205 Jovis
1000 1173 1128 1214 imperio
1144 1175 1200 1206 sub

167 1228 245 1254 terra
259 1223 379 1265 judicat
408 1224 514 1265 aliquis
528 1224 639 1255 infesta
655 1224 841 1255 sententiam
871 1224 977 1255 dicens
1008 1226 1199 1256 necessitate.

166 1293 210 1298 —
225 1274 268 1304 At
284 1274 356 1305 boni
372 1280 463 1306 nocte
478 1275 591 1317 pariter
603 1275 711 1316 dieque
727 1286 847 1317 semper
862 1277 924 1307 sole
940 1277 1074 1308 fruentes
1087 1288 1199 1308 aerum-

168 1336 207 1357 na
221 1330 374 1356 carentem
390 1325 506 1368 degunt
519 1326 623 1364 vitam,
641 1337 702 1357 non
719 1331 828 1357 terram
845 1331 1002 1358 moventes
1012 1328 1117 1358 robore
1134 1339 1200 1359 ma-

169 1388 276 1415 nuum,
294 1388 392 1418 neque
416 1378 503 1419 ponti
535 1377 661 1416 undam,
694 1383 816 1408 tenuem
834 1383 958 1420 propter
984 1378 1123 1410 victum:
1148 1380 1201 1411 sed

169 1428 250 1469 apud
265 1428 416 1470 principes
431 1430 569 1468 deorum,
584 1429 762 1471 quicunque
778 1430 961 1461 studuerunt
972 1430 1117 1472 justitiae,
1133 1432 1200 1462 illa-

170 1480 331 1511 crimosam
348 1486 444 1522 agunt
471 1483 586 1520 vitam3
611 1481 654 1512 illi
671 1492 740 1511 vero
755 1481 901 1523 adspectu
924 1482 1104 1514 horrendam
1122 1484 1200 1514 tole-

170 1535 237 1561 rant
259 1542 440 1563 aerumnam.
455 1551 499 1555 —
515 1532 676 1574 Quotquot
706 1543 776 1563 vero
802 1532 1025 1572 sustinuerunt,
1042 1539 1088 1564 ter
1115 1539 1200 1565 utro-

171 1582 261 1623 bique
277 1583 438 1623 degenteS,
455 1585 492 1614 ab
522 1584 608 1615 omni
637 1583 787 1625 injustitia
803 1584 943 1615 animum
972 1586 1140 1624 continere,
1157 1586 1202 1617 illi

171 1633 333 1675 perficiunt
348 1634 436 1665 Jovis
452 1635 532 1665 viam
549 1635 586 1666 ad
603 1635 729 1665 Saturni
747 1636 865 1673 urbem,
880 1635 932 1666 ubi
947 1636 1105 1667 beatorum
1116 1637 1203 1668 insu-

172 1685 234 1715 lam
250 1685 425 1716 Oceanides
441 1696 522 1717 aurae
535 1686 718 1727 perspirant,
734 1687 882 1727 floresque
896 1686 977 1718 aurei
993 1687 1127 1728 fulgent,
1144 1688 1204 1720 hu-

172 1747 224 1767 mo
238 1736 300 1773 alii,
328 1737 503 1779 pulcrisque
519 1738 674 1769 arboribus
701 1748 839 1779 aquaque
855 1738 905 1769 alii
929 1740 1204 1780 progerminantes‚

173 1787 254 1818 unde
269 1787 355 1818 sertis
371 1793 401 1818 et
417 1790 536 1820 coronis
551 1790 713 1830 implicant
729 1799 850 1827 manuS,
860 1809 904 1813 —
914 1790 1084 1821 secundum
1100 1791 1204 1823 decre-

173 1843 204 1869 ta
215 1839 298 1880 justa
312 1839 552 1880 Rhadamanthi,
570 1853 663 1883 quem
682 1841 770 1872 Pater
785 1841 876 1872 habet
900 1842 1049 1873 Saturnus
1065 1848 1204 1883 paratum

174 1890 229 1921 sibi
243 1891 438 1930 adsessorem,
457 1893 580 1923 maritus
599 1893 694 1924 Rheae
723 1893 864 1924 omnium
880 1905 1053 1934 supremam
1072 1896 1205 1926 tenentis

174 1941 287 1972 sedem.
321 1941 429 1973 Peleus
445 1948 475 1973 et
492 1944 627 1975 Cadmus
639 1946 718 1975 inter
731 1944 785 1974 hos
796 1950 1015 1981 numerantur3
1032 1946 1204 1978 Achillem—

178 2002 235 2032 que
251 1992 391 2032 adduxit,
408 2005 504 2034 quum
521 1995 608 2026 ,Iovis
624 1996 762 2026 animum
780 1996 920 2036 precibus
938 1996 1079 2035 flexisset,
1098 2003 1204 2037 mater,

177 2061 216 2065 —
233 2044 284 2084 qui
303 2044 471 2077 Hectorem
488 2049 659 2088 prostravit,
673 2046 776 2088 Trojae
787 2048 1004 2079 inconcussam
1021 2048 1139 2079 firmam
1152 2060 1202 2079 co-

177 2092 334 2133 lumna1n3
354 2095 554 2140 Cycnumque
563 2099 648 2131 letho
661 2098 754 2138 dedit,
768 2099 956 2141 Auroraeque
969 2099 1067 2133 filium
1079 2100 1204 2134 AEthio-

1204 442 1244 465 73.

1211 717 1265 739 Ant.
1276 718 1300 739 ῖῦ.

1210 752 1253 773 87.

1215 1021 1290 1050 Epml.
1307 1023 1331 1043 5.

1212 1055 1268 1076 101.

1214 1291 1260 1314 Str.
1278 1294 1303 1314 ⁴¹.

1216 1326 1270 1347 109.

1216 1541 1272 1564 Ant.
1283 1542 1305 1564 4.

1218 1575 1274 1596 12²3.

1224 1802 1295 1829 Fpnd.
1314 1805 1336 1825 4--

1222 1837 1274 1857 137.

1220 2064 1266 2087 διν.
1284 2074 1305 2087 π.

1221 2098 1274 2120 Ηό.
