1439 2437
415 139 647 172 CARMEN
674 140 763 171 VIII.
1068 142 1106 176 77

68 230 188 262 invidis.
232 228 367 269 Attinglt
383 239 452 259 vero
470 226 609 268 (invidia)
625 236 746 267 semper
761 226 869 264 bonos,
886 236 958 257 cum
972 225 1106 256 deterio-

68 282 150 312 ribus
166 284 265 311 autem
282 291 344 310 non
368 278 536 310 contendit.
560 297 604 302 —
625 277 744 308 Eadem
762 281 792 307 et
807 277 986 308 Telamonis
1002 278 1104 319 perdi-

67 333 111 364 dit
128 332 236 370 filium,
252 342 324 362 ense
347 331 476 362 induens
502 331 614 372 (eum).
659 329 777 370 Utique
802 328 906 359 animo
931 333 1104 368 strenuum,

68 384 92 415 si
119 383 259 414 facundia
286 387 395 421 careat,
411 382 525 413 oblivio
547 380 725 419 obscuritas,
742 385 776 411 ut
793 380 916 411 inferior
933 379 1101 421 judicetur)

66 435 210 477 opprimit
233 434 308 465 tristi
324 435 354 465 in
372 434 537 465 certamine
547 445 557 472 ;
581 433 754 464 maximum
776 442 847 462 vero
863 431 1104 463 callide-ornatis

67 487 232 518 mendaciis
270 486 432 527 praemium
463 485 654 527 propositum
685 488 741 514 est.
787 482 987 514 Clanculariis
1018 482 1101 513 enim

67 538 216 579 suffragiis
233 538 337 578 Ulyssi
353 537 454 568 Danai
469 535 632 578 gratificati
648 539 720 565 sunt
730 546 739 573 3
757 534 855 565 aureis
871 545 941 564 vero
956 533 1037 575 Ajax
1049 534 1101 565 de-

67 589 220 620 fraudatus
244 589 334 620 armis
352 599 424 620 cum
452 587 536 619 caede
560 587 695 618 luctatus
710 590 766 616 est.
789 604 833 608 —
856 584 973 626 Utique
998 590 1101 616 tamen
1116 582 1162 637 Eg&
1179 584 1202 605 ἵ·

67 641 225 672 dissimilia
240 640 378 671 hostibus
391 641 422 671 in
438 639 537 670 caIIdo
553 649 678 679 corpore
693 638 821 669 vulnera
831 637 1005 669 inflixerant
1022 637 1102 668 mili-
1165 631 1172 637 ’

67 696 166 722 tantes
188 691 524 723 defensante-homines
540 691 637 729 hasta,
652 690 763 732 partim
781 689 862 721 circa
884 689 1037 720 Achillem
1054 700 1102 720 re-

67 755 139 774 cens
154 744 362 783 interfectum,
378 744 490 785 partim
516 743 644 773 aliorum
672 742 810 772 laborum
837 741 1103 782 perniciosissimis

67 795 184 825 diebus.
229 795 290 825 Sed
306 795 415 825 infesta
439 794 582 825 nimirum
608 792 752 824 orationis
776 792 908 823 versutia
931 797 994 823 erat
1010 793 1103 823 etiam

68 845 155 885 olim,
171 845 351 876 blandorum
379 847 539 876 verborum
564 855 678 883 comes,
694 844 960 882 doli-meditatrix,
985 843 1103 874 malefi-

69 907 138 927 cum
155 898 370 938 opprobrium,
388 908 459 938 quae
476 897 612 937 quidem,
628 896 709 936 quod
719 895 913 936 splendidum
931 900 987 933 est,
1001 894 1103 936 depri-

70 949 137 986 mit,
153 948 351 978 obscurorum
368 952 469 978 autem
486 947 614 988 gloriam
638 947 758 977 extollit
776 946 943 987 putridam.
968 965 1009 969 —
1033 946 1104 977 Sint
1117 953 1164 975 Str.
1181 954 1206 975 3.

69 1009 228 1040 nunquam
246 998 321 1028 mihi
334 999 407 1028 tales
422 1008 530 1036 mores,
547 1008 566 1028 o
577 997 700 1039 Jupiter
714 998 820 1038 pater!
846 997 907 1028 Sed
918 997 973 1028 viis
983 997 1104 1038 simpli·
1133 986 1172 1008 ⁵⁹·

69 1050 153 1080 cibus
169 1049 240 1080 vitae
256 1049 373 1080 utinam
389 1049 540 1087 insistam,
553 1048 720 1080 defunctus
737 1060 775 1079 ne
785 1048 887 1080 liberis
898 1050 1012 1079 famam
1025 1050 1104 1080 male

68 1100 241 1131 audientem
258 1101 437 1142 relinquam.
483 1101 601 1131 Aurum
619 1106 739 1141 optant,
753 1111 962 1142 campumque
979 1101 1029 1131 alii
1045 1101 1104 1132 im·

69 1163 219 1182 mensum.
264 1151 334 1193 Ego
356 1163 426 1182 vero
450 1152 568 1183 civibus
593 1152 714 1183 utinam
739 1153 885 1194 probatus
909 1152 1002 1183 etiam
1028 1158 1106 1184 terra

70 1205 208 1235 membra
222 1204 366 1245 operiam,
382 1204 507 1235 laudans
522 1204 683 1242 laudanda,
700 1205 886 1246 vituperium
901 1216 970 1235 vero
983 1205 1105 1246 adsper-

69 1265 144 1295 gens
160 1254 196 1285 iis
211 1265 280 1295 quae
297 1255 435 1296 improba
451 1260 532 1287 sunt.
556 1276 599 1280 —
622 1256 764 1287 Crescere
776 1262 877 1287 autem
892 1258 991 1288 solent
1008 1258 1103 1288 virtu·
1118 1259 1206 1296 Aut-³·

71 1310 115 1336 tes
130 1305 274 1344 (laudes),
287 1306 371 1337 viridi
387 1319 452 1338 rore
462 1309 544 1339 velut
554 1309 642 1339 arbor
657 1309 765 1349 surgit,
782 1319 836 1350 per
851 1309 957 1340 doctos
971 1312 1102 1351 (poetas)
1135 1294 1174 1315 08'

71 1357 228 1397 bonosque
244 1358 321 1387 viros
338 1359 478 1390 exaltatae
495 1359 532 1390 ad
555 1359 705 1400 liquidum
733 1360 891 1391 aetherem.
938 1360 1020 1391 Usus
1037 1372 1107 1392 vero

71 1408 170 1438 varius
185 1413 230 1439 est
246 1409 435 1448 amicorum3
460 1410 491 1440 in
505 1410 638 1441 victoriis
653 1411 775 1452 quidem
801 1412 954 1442 maxime:
979 1413 1108 1453 quaerit-

72 1469 131 1500 que
147 1459 238 1489 etiam
256 1461 431 1499 oblectatio,
450 1468 478 1501 (e
501 1464 660 1499 successu)
679 1467 750 1493 ante
765 1464 871 1494 oculos
888 1463 1017 1494 aliorum
1034 1463 1109 1504 poni

74 1509 139 1551 ejus
162 1510 261 1541 fidem.
307 1511 408 1542 Tuam
426 1523 506 1550 vero,
521 1525 540 1543 o
555 1513 662 1554 Mega,
679 1515 814 1544 animam
831 1525 931 1545 rursus
949 1515 986 1544 ab
1004 1514 1109 1545 inferis

75 1561 217 1592 reducere
239 1581 282 1585 —
303 1573 365 1593 non
381 1563 504 1603 quidem
528 1575 655 1605 possum
665 1576 674 1602 ς
699 1575 871 1605 vanamque
887 1575 971 1606 spem
990 1565 1027 1595 ad
1043 1564 1108 1595 exi·
1123 1560 1169 1616 E707·
1182 1562 1207 1584 3·

75 1617 141 1643 tum
157 1613 320 1654 perducere
337 1614 422 1652 velle,
433 1615 591 1648 stolidum.
635 1615 693 1646 Sed
706 1616 797 1647 tribui
811 1621 874 1647 tuae
888 1627 1014 1657 possum
1026 1615 1109 1649 Cha-
1171 1609 1178 1616 ⁶

75 1663 223 1705 riadisque
251 1664 408 1704 ingentem
436 1670 567 1697 statuere
591 1667 723 1708 lapidem
750 1667 922 1707 Musaeum,
939 1668 978 1698 ob
994 1667 1108 1709 pedum

75 1714 212 1745 victorias
229 1715 357 1746 illustres
374 1716 419 1746 bis
435 1727 506 1747 sane
522 1717 608 1748 duas.
654 1718 783 1749 Gaudeo
799 1723 901 1749 autern
920 1719 1109 1749 convenien-

75 1769 121 1796 tes
134 1766 213 1796 facto
222 1767 360 1797 emittere
375 1767 488 1798 laudes.
535 1768 731 1800 Carminibus
741 1780 811 1800 vero
824 1769 1110 1810 doloris-expertem

78 1816 166 1847 multi
182 1817 273 1847 etiam
289 1818 421 1849 laborem
438 1819 547 1851 fecere.
591 1820 668 1851 Erat
681 1820 763 1851 enim
780 1821 967 1852 laudatorius
978 1821 1111 1861 hymnus

75 1865 140 1949 ,ξιῐιῐιι
164 1868 248 1907 olim,
273 1869 363 1900 etiam
390 1874 552 1912 antequam
583 1871 667 1903 fieret
691 1872 813 1903 Adrasti
843 1872 1111 1913 Cadmeorumque

100 1927 115 1947 e
140 1928 201 1949 um.

1119 269 1174 292 Ant.
1183 271 1206 293 ‘2-

1133 303 1173 325 39.
