1439 2437
168 640 213 663 Str.
235 645 255 663 1.

161 857 217 879 Ant.
230 858 255 879 7.

174 1843 223 1863 Str.
240 1843 261 1863 l.

162 2091 216 2113 Aut.
226 2094 255 2114 10

268 187 287 213 t:

289 187 309 213 (ὓ

639 185 902 217 oLYMP1A‚

637 321 836 358 OLYMP.
866 323 931 358 XI.

437 411 471 450 E
491 411 673 455 IDEM
698 413 789 453 AG
809 413 1132 460 ESIDAMQ

681 521 865 552 PUGILI.

269 623 348 668 Es'r
373 637 549 669 hominibus
565 642 725 668 ventorum
750 647 832 667 nunc
855 637 1004 678 plurimus
1021 649 1104 677 usus,
1122 649 1206 669 nune
1223 639 1297 670 item

270 689 446 720 coelestium
471 701 630 731 aquarum,
661 690 832 731 pluviarum
857 689 987 721 filiarum
1014 690 1125 721 Nubis.
1171 691 1205 722 Si
1230 693 1299 733 quis

268 750 338 770 vero
351 740 381 771 in
400 741 549 771 laborioso
571 741 737 772 certamine
746 741 819 771 felix
830 741 930 779 fuerit,
941 751 1045 771 suaves
1055 741 1297 782 hymnilaudum

268 792 350 831 apud
363 796 497 832 posteros
513 803 626 823 caussae
639 804 647 830 ;
671 792 836 833 existitque
851 792 921 822 inde
938 792 1033 823 fidum
1049 792 1161 833 pignus
1179 793 1300 833 magnis

269 842 441 873 virtutibus.
457 862 500 865 —
516 843 631 883 Ingens
648 853 716 873 vero
732 843 799 873 haec
814 844 879 873 laus
902 843 1129 884 Olympionicis
1152 849 1298 875 servatur.

271 893 304 924 Id
331 893 452 933 quidem
479 898 580 924 nostra
603 894 708 934 lingua
723 904 880 935 procurare
900 894 980 934 (tibi)
1000 895 1096 935 cupit.
1141 894 1300 926 Divinitus

270 945 352 974 euim
370 945 498 985 sapienti
511 946 639 986 quisque
652 946 738 975 floret
750 949 873 985 pectore
890 945 1054 985 (ingenio).
1100 945 1187 976 Scito
1204 956 1302 984 nunc,

191 1013 196 1024 >
233 1006 256 1027 3,
271 995 461 1025 Archcstrati
484 997 539 1034 fili,
555 996 612 1034 tui,
629 996 823 1036 Agesidame,
847 996 1001 1036 pugilatus
1029 1007 1136 1027 caussa
1151 1016 1194 1019 —
1209 1007 1299 1027 orna-

270 1051 409 1077 mentum
431 1048 577 1088 (hymni),
593 1048 629 1078 de
648 1057 759 1078 corona
777 1058 875 1078 aureae
898 1049 986 1086 oleae,
1002 1048 1194 1079 dulcisonum
1219 1048 1301 1078 acci-

270 1108 353 1135 nam,
371 1097 646 1138 Epizephyriorum
665 1098 836 1128 Locrorum
851 1099 951 1138 gentis
970 1110 1087 1129 memor
1113 1098 1156 1139 (in
1174 1099 1300 1129 laudum

269 1153 384 1190 partem
414 1149 574 1188 vocandO.)
621 1148 669 1179 Eo
694 1159 756 1179 una
779 1150 919 1180 choream
945 1149 1107 1187 instituite,
1133 1160 1151 1178 o
1175 1149 1298 1180 Musae!

269 1200 438 1240 spondebo,
454 1210 508 1230 vos
524 1210 586 1229 non
599 1200 636 1230 ad
649 1210 728 1238 eam,
745 1210 802 1230 ceu
812 1200 1123 1240 hospites-fugantem
1137 1201 1300 1241 populum,

270 1261 368 1290 neque
391 1251 565 1291 imperitum
590 1251 780 1291 egregiorum
805 1251 987 1289 facinorum,
1004 1255 1034 1281 at
1052 1251 1300 1292 peringeniosuul

270 1307 302 1332 et
320 1303 512 1339 bellicosum,
529 1313 593 1332 esse
616 1307 768 1333 venturas.
816 1302 898 1332 Nam
923 1302 1076 1343 ingenitos
1100 1313 1197 1343 neque
1220 1302 1303 1332 fulva

271 1353 376 1393 vulpes
394 1363 491 1394 neque
507 1353 810 1393 graviter-rugientes
825 1354 927 1384 leones
952 1354 1136 1384 mutaverint
1155 1363 1265 1383 mores.

631 1528 830 1564 OLYMP.
862 1529 944 1565 XII.

398 1619 765 1662 ERGOTEM
792 1620 1183 1669 »HIMERAEQ

573 1731 800 1759 LONGIORI
834 1730 1005 1760 CURSU.

277 1820 461 1868 SUPPLICQ
479 1830 539 1860 filia
561 1829 647 1860 Jovis
670 1829 863 1869 Liberatoris‚
881 1829 1011 1860 Himera
1026 1830 1236 1870 potentissima
1251 1841 1305 1871 pro

277 1885 362 1921 urbe,
379 1882 530 1913 Sermtrix
558 1881 703 1912 Fortuna.
749 1881 777 1910 A
794 1885 822 1910 te
839 1881 920 1911 enim
945 1880 975 1911 in
1002 1880 1076 1911 mari
1100 1882 1307 1921 gubernantur

276 1935 395 1964 veloces
412 1944 514 1970 nares,
533 1933 561 1962 in
580 1938 718 1972 terraque
734 1931 835 1972 rapida
851 1932 928 1961 bella
945 1932 1167 1972 coucionesque
1190 1931 1307 1961 delibe-

277 1985 407 2015 ratoriae.
456 1984 513 2023 (Et
537 1989 590 2014 tuo
615 1983 753 2022 numine)
782 1983 849 2012 aliae
878 1982 1038 2012 hominum
1067 1993 1150 2022 saepe
1175 1993 1307 2019 sursum,

278 2036 345 2066 aliae
368 2046 438 2065 vero
461 2035 613 2073 deorsum,
631 2033 789 2064 mendacia
814 2033 957 2072 (somnia)
984 2043 1060 2062 vana
1082 2037 1308 2073 persequentes,

278 2087 451 2117 volutantur
476 2096 554 2126 spes.
578 2104 620 2108 --
644 2084 776 2124 Signum
807 2094 874 2114 vero
898 2083 1036 2114 nondum
1064 2083 1170 2124 aliquis
1201 2088 1307 2114 terres-
