1439 2437
512 163 742 194 CARMEN
770 163 827 193 xl.
1132 167 1172 190 5³15

130 269 171 278 ⁶-
183 259 227 285 est
244 253 298 284 tibi
315 262 387 283 sane
400 251 509 282 horum
524 261 598 280 sors.
643 250 678 279 Si
704 259 774 279 vero
796 258 851 289 pro
867 249 957 278 fratrc
973 247 1170 285 contendere,
1188 257 1229 287 ι-’μ
1244 260 1266 280 5,

129 306 331 345 omniumque
353 303 384 333 in
413 302 517 332 animo
546 301 638 331 habes
662 300 795 330 dividere
827 302 912 334 (cum
938 301 989 335 co)
1016 299 1169 339 {equalem
1202 293 1259 313 ¹³⁹·

129 357 321 397 portionem:
342 354 434 394 (tum)
454 353 578 393 quidem
596 351 760 382 dimidium
778 350 872 391 spires
889 351 944 380 sub
961 355 1039 380 terra
1055 350 1170 386 vivens,

128 406 292 437 dimidium
309 416 378 436 vero
405 404 478 435 coeli
501 403 532 434 in
555 403 652 434 aurcis
668 401 823 432 domibus.
871 402 924 431 Sic
943 401 1048 441 utiquc
1064 401 1170 431 locuto

131 456 248 497 (Jove),
265 456 385 487 animus
405 454 564 495 (Pollucis)
582 465 643 484 non
658 452 841 492 ambiguum
855 451 1168 482 vcrszu-itconsilium.

128 507 244 538 Denuo
270 507 364 548 igitur
388 506 478 537 solvit
502 506 639 543 oculum,
656 504 767 535 deinde
794 510 824 534 ct
841 515 961 543 vocem,
979 503 1168 544 are-galeati

130 557 273 590 Castoris.

525 781 750 817 NEMXI.

178 878 703 919 ARISTAGORAE
768 876 1124 921 PRYTANL

533 997 760 1028 TENEDIO,

464 1090 576 1118 FILIO
598 1089 824 1119 ARCESILAE.

132 1186 235 1228 FrLrA
260 1197 370 1236 Rheae,
391 1207 462 1238 quae
491 1203 637 1238 prytanea
660 1202 756 1235 tenes,
781 1197 886 1236 Vesta,
910 1198 999 1229 Jovis
1027 1198 1267 1230 altissimismx.

131 1260 212 1282 soror
227 1254 257 1280 et
273 1248 485 1279 throni-sociae
510 1248 655 1288 Junonis,
673 1248 793 1289 suscipe
810 1250 943 1290 propitia
959 1250 1167 1290 Aristagoram

130 1308 219 1334 tuum
236 1301 267 1331 in
283 1301 436 1342 penetrale
466 1300 623 1340 (curiam),
639 1300 830 1341 propitiaque
857 1301 1005 1342 (suscipe)
1035 1303 1168 1342 collegas

128 1353 248 1393 insigne
264 1362 357 1392 prope
373 1356 526 1392 sceptrum
547 1351 682 1391 (signum
697 1357 784 1381 tuum
804 1352 834 1382 in
851 1352 934 1382 curia
949 1353 1099 1392 adstans),
1114 1352 1168 1394 qui

129 1409 159 1435 te
182 1404 317 1434 colentes
342 1401 459 1444 justam
485 1401 664 1432 custodiunt
687 1402 864 1440 Tenedum,
880 1414 1019 1445 —saepe
1042 1404 1167 1444 quidem
1184 1411 1274 1434 Anu-J.

128 1453 326 1486 libationibus
349 1458 527 1483 venerantes
554 1454 609 1493 (te)
639 1453 811 1494 principem
829 1452 974 1492 dearum3
1000 1465 1082 1495 saepe
1100 1466 1169 1486 vero

130 1504 377 1545 (sacrificiorum)
396 1504 509 1535 nidore.
538 1512 541 1516 ’
556 1504 636 1544 Lyra
660 1514 730 1535 vero
746 1505 820 1545 ipsis
836 1510 925 1535 sonat
942 1511 1121 1547 cantusque,
1139 1510 1169 1537 et

129 1555 287 1596 hospitalis
301 1554 387 1586 Jovis
402 1555 512 1586 colitur
522 1555 573 1597 jus
590 1554 744 1596 perpetuis
759 1556 916 1586 conviviis.
961 1556 1022 1587 Sed
1038 1557 1170 1597 gloriose

130 1608 343 1648 magistratum
369 1606 708 1638 duodecim-mensium
732 1606 771 1636 da
798 1606 857 1637 illis
880 1607 1045 1648 transigere
1070 1608 1168 1639 illaeso

132 1659 224 1699 (tristi
240 1661 327 1694 casu)
346 1659 460 1689 animo.
482 1678 525 1682 -—
550 1658 669 1689 Patrem
687 1662 789 1688 autem
816 1669 874 1699 ego
890 1659 1014 1690 beatum
1033 1660 1167 1701 praedico
1181 1666 1226 1697 Ep.
1247 1667 1285 1690 1³.

129 1710 310 1748 Arcesilam,
324 1715 355 1739 et
373 1720 482 1750 corpus
501 1709 711 1750 (Aristagorae)
730 1709 955 1747 admirandum,
969 1716 1000 1741 et
1013 1711 1167 1742 fortitudi-

130 1772 201 1792 nem
219 1760 400 1802 ingenitam.
446 1760 480 1790 Si
497 1771 566 1791 vero
583 1760 650 1801 quis
666 1771 739 1801 opes
755 1760 912 1801 possidens
929 1763 1026 1791 forma
1041 1773 1168 1802 supera-

129 1813 205 1843 verit
220 1812 304 1849 alios,
319 1811 410 1852 inque
421 1812 641 1842 certaminibus
652 1811 747 1842 victor
756 1810 913 1852 specimen
926 1812 1021 1843 edidit
1030 1813 1167 1852 roboris3

130 1863 155 1894 is
182 1862 358 1894 mortalibus
382 1862 556 1893 meminerit
572 1873 604 1893 se
627 1862 777 1893 amictum
802 1862 948 1893 membris
964 1868 995 1893 et
1011 1869 1168 1904 postremo

130 1914 269 1944 omnium
287 1917 396 1944 terram
413 1913 593 1945 induturum
609 1924 685 1944 esse.
708 1933 751 1936 —
775 1913 978 1945 Sermonibus
995 1920 1098 1947 autem
1123 1917 1167 1948 ci-
1182 1920 1228 1943 Str.
1247 1923 1269 1944 ⁶2-

130 1965 214 1995 vium
242 1965 330 1996 bonis
356 1965 477 1996 laudare
508 1965 622 2006 (illum)
652 1970 773 2007 oportet
788 1972 818 1996 et
835 1967 1002 1998 mellisonis
1025 1974 1168 2002 ornatum
1198 1954 1238 1976 Μ

131 2016 278 2046 celebrare
301 2016 453 2047 cantibus.
498 2015 527 2046 E
545 2016 651 2048 vicinis
675 2021 791 2053 autem,
808 2017 942 2048 sedecim
959 2019 1168 2060 Aristagoram

132 2067 300 2108 splendidae
324 2067 458 2098 victoriae
482 2068 675 2110 patriamque
692 2070 803 2099 claram
830 2075 1016 2101 coronarunt
1033 2072 1116 2103 lucta
1138 2077 1169 2104 et

131 2118 365 2160 valde-glorioso
393 2119 560 2161 pancratio.
583 2139 626 2144 —-
650 2119 729 2162 Spes
745 2125 849 2152 tamen
866 2121 989 2163 segnior
1004 2128 1166 2165 parentum
1183 2129 1240 2185 ¹³2¹}
1252 2132 1276 2154 ε).
