1439 2437
277 231 317 258 ‘20
696 229 959 261 OLYMPIA.

275 313 490 354 superveniens
507 318 690 354 protractum
718 320 837 357 tempus
863 315 959 356 gravis
984 314 1087 345 delicti
1111 314 1224 355 pudore
1249 323 1300 343 me

275 363 423 400 suffudit3
448 369 656 395 verumtamen
673 365 785 396 diluere
802 370 901 406 potest
916 376 1014 396 acrem
1032 365 1190 395 homiuum
1201 374 1300 405 repre-

275 413 454 444 hensionem
481 425 580 445 usura.
625 415 722 446 Nunc
751 417 906 447 calculum
932 417 1100 446 volutatum
1124 426 1184 456 quo
1208 415 1299 445 undae

274 465 430 504 provolvet
445 465 576 496 fluctus?
603 471 632 495 et
645 476 704 506 quo
719 467 909 505 (deductum)
927 477 981 497 nos
997 477 1191 497 communem
1206 465 1297 505 (urbi)

158 517 202 548 Ep.
222 519 259 540 17-
273 515 423 555 hymnum
437 514 607 556 jucundam
626 517 660 546 ad
678 518 805 556 gratiam
832 517 1058 557 persolvemus?
1081 535 1125 539 ——
1141 516 1299 546 Gubernat

272 566 380 607 utique
396 566 514 596 Veritas
531 568 635 597 urbem
653 568 822 599 Locrorum
834 568 1075 609 Zephyriorum:
1101 577 1241 607 curaeque
1253 571 1299 596 est

271 616 330 647 illis
347 616 484 657 Calliope
501 622 530 647 ct
546 628 649 648 aeneus
666 619 761 649 Mars.
792 619 922 658 Fugavit
939 623 1039 648 autem
1059 618 1181 658 Cycnea
1193 627 1299 658 pugna

270 668 362 698 etiam
377 667 543 698 violentum
562 668 740 699 Herculem.
788 669 877 709 Pugil
895 669 1007 700 veroin
1024 669 1189 710 Olympico
1200 673 1296 699 certa·

270 718 353 748 mine
369 717 464 748 victor
478 719 533 749 11ae
550 723 712 759 acceptum
730 720 805 750 ferat
821 720 1035 760 Agesidamus,
1053 724 1088 750 ut
1104 719 1218 749 Achilli
1237 718 1297 748 Pa-

269 769 391 799 troclus.
436 769 561 799 Acuens
576 775 677 800 autem
696 770 733 800 ad
749 771 889 801 virtutem
905 770 1012 811 aliquis
1025 781 1108 807 eum,
1122 770 1174 810 qui
1191 775 1298 800 natura

268 820 305 850 ad
318 831 380 850 rem
395 821 493 851 factus
509 825 565 857 est,
579 821 615 851 ad
629 821 738 861 ingens
752 821 859 851 evehet
874 822 1032 861 (victoriffe)
1048 821 1151 858 decus,
1162 819 1209 850 dei
1223 830 1295 850 cum

165 866 211 911 δ”]
232 870 253 888 “·”
268 871 391 902 auxilio.
414 890 456 895 -—
472 871 515 901 At
531 872 677 912 gaudium
698 871 847 911 (victoria)
866 873 930 902 sine
947 873 1047 902 labore
1059 871 1235 911 contingere
1245 881 1295 900 so-

266 923 308 952 let
323 922 429 963 paucis
441 933 447 952 :
472 927 623 953 certamen
635 922 816 952 laboriosum
828 934 889 963 prae
899 924 1042 953 omnibus
1052 928 1097 953 est
1109 922 1180 952 vitae
1190 921 1295 951 decus.

266 972 427 1004 Certamen
445 978 545 1003 autem
559 973 706 1004 eximium
721 984 826 1003 canere
838 973 1004 1015 mejubent
1015 973 1182 1004 Themides
1209 971 1295 1003 Jovis

265 1023 347 1060 filiae,
365 1024 444 1064 quod
461 1025 621 1065 antiquum
634 1024 725 1065 juxta
742 1025 915 1065 sepulcrum
935 1024 1056 1065 Pelopis
1070 1024 1114 1054 vis
1140 1023 1294 1054 Herculea

264 1074 407 1112 instituit,
418 1079 576 1115 postquam
588 1075 781 1116 Neptunium
797 1075 984 1105 interfecerat
995 1075 1137 1105 Cteatum
1149 1078 1293 1115 praestan-

152 1126 208 1167 ⁴⁴¹¹st
229 1130 250 1149 ⁰2·
263 1130 336 1161 tem,
352 1145 396 1149 -—
411 1126 584 1166 occiditque
598 1125 762 1165 Eurytum,
779 1132 814 1156 ut
830 1137 929 1166 operae
946 1126 1090 1167 praestitae
1122 1126 1158 1155 ab
1188 1125 1293 1165 Augea

193 1160 232 1181 Ἀ
264 1176 409 1214 violente,
426 1177 463 1206 ab
480 1176 575 1206 invito
600 1177 663 1216 ipse
692 1177 841 1216 flagitans,
871 1177 1040 1207 mercedem
1066 1176 1209 1216 exigeret.
1255 1176 1292 1206 ln

262 1227 381 1257 frutetis
392 1233 495 1257 autem
506 1226 662 1257 insidiatus
676 1227 732 1257 sub
745 1226 878 1265 Cleonis,
889 1228 1036 1268 oppressit
1048 1232 1079 1257 et
1091 1227 1157 1257 illos
1169 1227 1291 1257 Hercu-

260 1279 303 1308 les
320 1279 350 1308 in
368 1279 425 1315 via,
458 1278 600 1319 quoniam
634 1283 722 1308 antea
746 1278 909 1319 aliquando
933 1278 1129 1318 Tirynthium
1151 1278 1292 1318 profliga-

170 1333 246 1363 Fpod.
261 1334 366 1359 verant
377 1329 433 1369 ipsi
449 1329 614 1359 exereitum
626 1330 656 1359 in
668 1329 835 1359 recessibus
849 1330 1015 1360 haerentem
1028 1329 1125 1359 Elidis
1140 1348 1180 1352 —
1195 1328 1290 1358 Moli-

170 1368 190 1387 ²¹'
210 1368 248 1387 Μ’
261 1380 362 1410 onidae
379 1379 626 1420 arrogantissimi.
671 1379 766 1419 Atqui
783 1380 812 1410 in
832 1379 981 1420 hospitem
1011 1379 1219 1410 fraudulentus
1244 1378 1290 1408 Ε-

261 1441 386 1471 peorum
403 1441 454 1460 rex
470 1441 530 1460 non
559 1431 656 1460 multo
681 1434 748 1470 post
771 1430 844 1460 vidit
872 1431 997 1471 patriam
1023 1430 1158 1467 divitem,
1183 1430 1289 1460 urbem

260 1492 359 1518 suam,
376 1481 472 1511 valido
489 1481 550 1521 igni
568 1481 736 1521 ictibusque
750 1481 818 1511 ferri
838 1482 1011 1521 (vastatam)
1043 1481 1073 1511 in
1104 1480 1287 1521 profundum

261 1532 443 1563 calamitatis
459 1532 610 1572 gurgitem
636 1532 819 1572 depressam.
865 1533 944 1563 Iram
971 1532 1053 1562 enim
1083 1531 1287 1572 potentiorum

260 1582 377 1613 amoliri
393 1583 525 1613 difficile.
571 1582 672 1615 Etiam
691 1582 741 1612 ille
758 1583 937 1620 temeritate,
955 1588 1125 1623 postremus
1141 1586 1209 1622 post
1234 1593 1288 1612 ex-

260 1633 481 1674 pugnationem
499 1633 618 1663 obviam
633 1634 743 1671 factus,
765 1639 891 1663 mortem
909 1644 1030 1673 gravem
1048 1643 1110 1663 non
1121 1633 1289 1673 effugit.—

161 1681 246 1737 5ῐέ13·
262 1684 326 1714 Hic
338 1695 407 1714 vero
423 1684 459 1714 acl
479 1684 578 1714 Pisam
596 1695 689 1724 quum
708 1685 857 1725 coegisset
874 1689 1013 1724 totasque
1023 1683 1124 1724 copias
1137 1684 1287 1724 praedam-

224 1730 231 1736 *
259 1746 319 1776 que
335 1746 470 1773 omnem,
487 1735 573 1766 ,Iovis
589 1735 673 1766 fortis
698 1736 778 1766 filius
801 1736 1017 1766 dimetiebatur
1040 1745 1159 1765 sacrum
1183 1735 1286 1764 locum

260 1786 342 1816 Patri
359 1786 494 1816 maximo
508 1798 515 1823 ;
540 1790 686 1826 septoque
702 1787 781 1816 facto
797 1787 881 1816 Altin
893 1786 923 1815 in
935 1784 1048 1825 patenti
1059 1785 1127 1815 loco
1140 1784 1285 1814 secrevit:

260 1837 412 1867 inclusum
428 1842 531 1867 autem
550 1847 693 1876 campum
710 1836 870 1866 constituit
886 1836 1043 1876 epularum
1070 1835 1286 1873 deversorium,

154 1897 212 1920 Am.
224 1900 246 1920 3,
261 1887 412 1917 honorans
430 1887 526 1926 (sacro
551 1887 646 1926 facto)
679 1887 802 1917 fluvium
830 1886 938 1928 Alphei
964 1905 1005 1909 —
1030 1897 1100 1916 cum
1125 1885 1285 1916 duodecim

191 1932 230 1953 ⁵⁹·
261 1937 379 1976 magnis
396 1937 462 1975 diis,
481 1942 511 1967 et
526 1938 635 1967 collem
653 1937 829 1967 Saturnium
847 1937 1018 1977 adpellavit.
1063 1937 1164 1966 Antea
1189 1935 1284 1973 enim,

259 1999 353 2028 quum
367 1987 543 2018 OEnomaus
553 1987 580 2018 ei
591 1987 768 2028 imperabat,
781 1988 921 2027 ignobilis
934 1988 1087 2027 rlgabatur
1097 1987 1191 2017 multa
1204 1987 1285 2017 nive.

258 2038 330 2068 Hac
345 2049 413 2068 vcro
430 2038 458 2068 in
477 2039 574 2079 prima
584 2038 757 2069 celebritate
768 2039 873 2078 utique.
886 2037 1007 2078 quidem
1019 2048 1110 2078 prope
1123 2037 1283 2068 adfuerunt

161 2091 197 2130 Ὲιξ
219 2094 242 2115 3·
260 2089 372 2127 Parem,
390 2089 531 2129 quodque
548 2089 646 2129 arguit
661 2090 758 2119 solum
771 2091 926 2120 veritatem
937 2094 1061 2125 certam,
1079 2108 1121 2111 —
1134 2088 1281 2129 TempuS.

186 2128 226 2148 ⁰⁷⁵
259 2140 330 2171 Hoc
349 2151 426 2178 vern,
447 2141 527 2179 (etsi)
547 2140 721 2180 longissime
750 2151 953 2181 progressum,
980 2140 1121 2177 declarat,
1147 2142 1280 2182 Quen-10-
