1439 2437
487 164 721 202 CARMEN
746 169 802 201 lv.
1130 174 1170 201 39

133 261 245 292 Dianae
274 258 407 290 confecit
438 258 524 288 velox
549 269 587 288 ex
612 257 728 288 invicta
759 256 898 298 pharetra
925 255 1105 296 depromta;
1139 260 1172 286 ut

132 312 259 353 quisque
275 311 312 341 ad
328 310 429 340 licitos
446 320 563 340 amores
579 308 730 350 adspirare
747 313 839 339 amet.
863 327 907 332 —
928 307 1017 338 Talia
1033 308 1075 338 illi
1093 308 1173 338 inter
1185 318 1231 341 Sir.
1252 319 1278 342 5,

133 373 197 393 sese
211 362 340 392 invicem
356 361 570 401 loquebantur.
616 359 764 390 Mulabus
787 364 890 390 autem
907 359 1063 400 politaque
1080 358 1175 389 rheda

133 414 287 445 concitate
305 412 401 443 Pelias
417 412 593 453 supervenit
608 421 782 452 properans.
816 411 988 451 Obstupuit
997 415 1101 441 autem
1112 413 1174 440 sta-

132 466 188 496 tim
205 465 349 506 adspecto
366 463 589 504 bene-cognito
604 464 707 494 calceo
723 463 865 494 dextrum
884 467 1006 493 tantum
1025 462 1104 493 circa
1120 472 1174 503 pe—

131 516 215 547 dem.
259 516 430 547 Occultans
446 519 550 545 tamen
575 515 680 546 animo
704 520 825 546 metum
851 515 1003 545 allocutus
1020 519 1066 544 est
1081 525 1172 544 eum:

133 567 310 600 Quamnam
341 571 463 604 terram,
488 576 507 596 o
535 565 655 607 hospes,
686 566 836 607 profiteris
867 565 995 607 patriam
1021 576 1085 596 esse
1100 566 1110 596 ?
1145 570 1175 595 ct

132 628 275 659 quaenam
301 617 465 649 hominum
488 622 518 648 te
535 618 756 658 terrigenarum
780 617 911 648 candido
927 616 1028 647 emisit
1044 617 1171 647 ventre?

133 669 332 700 odiosissimis
348 668 515 699 mendaciis
539 679 600 698 non
619 668 834 699 contaminans
853 672 903 707 (ea
925 678 995 708 quae
1018 667 1109 704 dicis)
1125 668 1174 699 dic

133 730 241 760 genus.
256 739 300 743 --
318 720 402 751 Huic
419 724 521 750 autem
538 719 728 750 confidenter
737 719 864 760 placidis
877 720 976 750 verbis
989 719 1033 749 sic
1046 730 1173 760 respon-

133 771 178 802 dit
193 783 201 801 :
225 772 285 802 Aio
301 771 495 812 disciplinam
512 770 654 802 Chironis
664 782 714 802 me
730 772 846 802 afferre.
891 770 942 801 Ex
958 778 1045 801 antro
1058 771 1176 801 scilicet

133 823 222 854 venio
238 834 256 854 a
269 823 412 854 Chariclo
427 828 459 854 et
473 823 616 864 Philyra3
634 823 688 854 ubi
699 822 847 854 Centauri
859 834 908 853 me
919 822 991 853 filiae
1002 822 1175 853 educarunt

134 879 238 905 castae.
283 874 404 915 Viginti
419 879 522 905 autem
540 879 703 916 postquam
721 874 874 916 complevi
892 885 1000 913 annos,
1017 874 1096 905 nihil
1120 885 1175 904 ne-

135 936 193 966 que
217 927 299 956 facto
315 937 417 968 neque
442 927 534 957 verbo
561 926 742 968 obsequioso
759 927 818 957 illis
834 926 1013 967 significans
1030 926 1104 957 redii
1118 926 1175 957 do-

135 986 235 1014 mum,
252 977 414 1017 pristinum
431 982 664 1018 recuperaturus
689 977 775 1018 regni
798 977 889 1019 patris
913 978 986 1015 mei,
1003 977 1084 1018 quod
1100 977 1174 1008 olim

133 1027 258 1068 Jupiter
272 1029 454 1069 populorum
465 1029 535 1059 duci
546 1029 638 1060 AEolo
655 1029 819 1071 liberisque
833 1031 899 1071 ejus
911 1030 1046 1068 dederat,
1062 1029 1176 1071 injuste

133 1079 171 1109 ab
187 1075 246 1110 alio
261 1080 414 1121 occupati,
432 1081 591 1112 honorem.
608 1101 652 1105 -—
668 1082 771 1112 Audio
794 1082 876 1113 enim
897 1082 1015 1113 Peliam
1031 1083 1174 1123 iniquum

134 1130 299 1170 splendidis
315 1132 497 1162 obsecutum
521 1133 696 1173 praecordiis
714 1133 862 1165 violenter
877 1134 954 1164 illud
969 1133 1078 1164 nostris
1090 1132 1175 1174 juste

134 1182 352 1223 imperantibus
379 1182 555 1223 parentibus
584 1184 750 1225 eripuisse3
783 1185 836 1225 qui
864 1196 926 1224 me,
943 1196 1014 1215 cum
1039 1185 1174 1226 primum

135 1233 196 1264 vidi
212 1234 327 1272 lumen,
345 1233 503 1264 insolentis
518 1235 598 1275 regis
622 1235 708 1265 veriti
731 1235 885 1277 injuriam,
902 1237 1008 1267 funere
1024 1242 1173 1277 tanquam

134 1285 270 1315 defuncti
283 1289 347 1315 atro
363 1285 395 1315 in
406 1285 526 1316 aedibus
537 1297 608 1317 cum
623 1286 739 1327 ejulatu
750 1287 915 1318 mulierum
926 1288 1081 1326 instituto,
1093 1289 1172 1319 clam

134 1336 301 1366 emiserunt
317 1336 417 1366 fasciis
440 1336 472 1367 in
496 1339 685 1378 purpureis3·
704 1344 827 1369 noctem
856 1339 999 1370 arbitram
1027 1339 1173 1370 facientes

133 1387 259 1426 itineris,
284 1386 488 1428 Saturnioque
519 1389 719 1420 nutriendum
751 1389 880 1421 Chironi
905 1390 1104 1421 tradiderunt.
1129 1410 1174 1414 —

133 1438 197 1469 Sed
212 1439 318 1469 harum
335 1439 459 1480 quidem
476 1451 576 1471 rerum
594 1441 695 1483 capita
711 1441 832 1472 tenetis.
877 1441 1078 1483 Equestrium
1104 1454 1174 1474 vero

133 1494 296 1530 parentum
322 1491 403 1522 aedes
431 1502 495 1530 vos,
517 1502 536 1522 o
560 1492 659 1523 incliti
683 1493 776 1531 cives,
801 1492 933 1524 indicate
959 1493 1035 1524 mihi
1060 1499 1172 1535 aperte.

134 1540 260 1572 AEsonis
276 1542 358 1572 enim
374 1542 466 1582 filius,
477 1543 632 1584 indigena,
645 1555 707 1575 non
724 1545 916 1586 peregrinam
935 1546 1003 1576 veni
1014 1546 1045 1576 in
1062 1551 1172 1577 terram

133 1591 273 1623 aliorum.
318 1592 491 1624 Centaurus
515 1605 587 1625 vero
611 1606 662 1626 me
687 1595 809 1627 divinus
834 1596 982 1628 Jasonem
1009 1598 1174 1629 nominans

133 1644 305 1684 appellavit.
351 1644 403 1675 Sic
433 1645 521 1676 dixit.
572 1647 679 1687 Atque
708 1647 798 1678 illum
839 1648 1009 1689 ingressum
1050 1650 1175 1690 agnovit

133 1694 239 1725 oculus
255 1695 365 1736 patris3
394 1695 522 1738 ejusque
537 1709 576 1728 ex
592 1699 740 1729 senilibus
757 1700 911 1741 palpebris
927 1702 1112 1733 ebullierunt
1127 1703 1173 1733 la-

133 1745 257 1784 crimae3
288 1757 344 1776 suo
368 1747 399 1777 in
424 1748 529 1779 animo
553 1749 801 1791 quandoquidem
830 1753 954 1792 gavisus
976 1758 1022 1784 est
1049 1754 1173 1793 eximie,

133 1795 231 1827 filium
249 1808 322 1829 cum
340 1798 452 1829 videret
468 1801 685 1840 pulcerrimum
703 1802 879 1834 hominum.
901 1824 946 1827 —
967 1805 1051 1836 Tum
1068 1807 1173 1837 fratres

133 1846 260 1879 Aisonis
276 1849 313 1880 ad
330 1861 380 1880 eos
393 1851 486 1881 ambo
501 1858 662 1892 venerunt,
679 1854 761 1885 illius
778 1855 815 1885 ad
832 1856 946 1887 famam
960 1869 967 1887 ε
992 1868 1030 1887 ex
1047 1858 1173 1899 propin-
1205 1851 1233 1868 ²²
1253 1862 1259 1868 ’

134 1909 195 1940 quo
211 1900 334 1940 quidem
353 1900 464 1932 Pheres
481 1904 600 1935 fontem
619 1905 828 1946 Hypereidem
844 1907 1005 1948 linquens3
1030 1919 1069 1938 ex
1086 1908 1172 1939 Mes-

134 1961 205 1981 sene
222 1962 292 1982 νει-ο
308 1953 485 1993 Amythaon
499 1966 507 1993 3
533 1956 637 1987 statim
659 1957 752 1988 etiam
770 1958 924 1989 Admetus
947 1959 1032 1990 venit
1054 1964 1084 1990 et
1101 1962 1174 1992 Me-

134 2001 254 2042 lampus
268 2003 415 2035 lubentes.
431 2005 469 2036 ad
484 2009 663 2046 patruelem.
711 2008 853 2040 Convivii
870 2021 940 2041 vero
957 2022 1084 2042 munere
1101 2023 1173 2043 cum

131 2052 242 2083 amicis
256 2055 353 2086 verbis
377 2066 428 2086 eos
444 2058 601 2099 excipiens
617 2059 726 2098 Jason,
744 2062 955 2100 (muneribus)
972 2063 1174 2104 hospitalibus

135 2105 387 2138 convenientibus
402 2108 537 2149 praebitis
552 2121 678 2143 omnem
693 2112 876 2145 hilaritatem
895 2114 1040 2155 intendit,
1056 2126 1110 2157 pcr
1125 2121 1173 2146 to-

1205 353 1260 374 165.

1190 728 1244 751 Ant.
1256 730 1278 751 5.

1207 764 1260 784 179.

1193 1090 1209 1112 Ε
1214 1099 1235 1120 p.
1254 1094 1277 1114 5.

1206 1125 1259 1147 193.

1188 1453 1233 1477 Str.
1253 1456 1276 1476 6.

1204 1489 1259 1510 206.

1189 1814 1244 1835 Ant.
1258 1813 1283 1835 ὁ.
