1439 2437
476 199 707 232 CARMEN
733 198 791 230 IX.
1110 198 1143 224 51

101 288 198 319 evolat
214 289 293 319 alata
314 287 438 324 virtute,
456 287 572 318 habens
594 285 839 327 praestantiorem
866 283 1000 313 fructum
1028 279 1148 311 divitia-

103 349 182 372 rum.
225 340 268 370 At
292 339 375 371 enlm
402 338 484 369 brevi
507 337 684 369 mortalium
708 335 837 366 felicitas
861 332 987 369 crescit3
1012 331 1054 363 sic
1078 341 1148 361 vero

100 392 192 422 ctiam
211 391 318 432 (brevi)
337 390 468 432 procidit
486 388 584 426 humi,
602 389 714 418 infesto
738 387 861 417 decreto
880 385 970 423 (fato)
988 387 1144 425 quassata.

99 461 143 465 —
163 442 236 473 Diei
258 442 350 473 unius
363 446 431 479 (nos
444 440 465 472 ἒ)
485 439 641 473 Quidnam
660 444 705 468 est
716 438 808 479 quis?
835 436 908 478 quid
922 439 1040 466 nonest
1052 433 1142 474 quis?
1160 432 1236 475 13ng-

102 493 231 525 Umbrae
246 492 403 524 somnium
421 490 574 521 homines.
621 489 703 520 Cum
726 493 831 519 tamen
856 487 999 528 splendor
1015 485 1144 517 a-Jove-
1182 469 1236 489 ¹⁰³'

100 544 190 575 datus
206 544 335 582 venerit,
352 544 474 583 fulgens
498 541 582 572 adest
604 541 710 571 lumen
728 539 891 570 hominum
909 543 939 569 et
953 539 1052 568 suavis
1073 538 1145 567 vita.

102 597 132 628 Ο
148 595 273 637 AEgina,
288 606 356 626 cara
373 598 481 631 mater,
499 593 596 623 libero
620 592 735 633 populo
747 591 914 621 ·civitatem
933 590 1047 620 hancce
1064 599 1147 626 cura,

104 659 174 680 cum
190 647 267 679 Jove
288 650 318 677 et
338 656 410 686 rege
427 644 538 682 AEaco,
556 643 711 684 Peleoque
729 646 759 672 et
775 641 1030 683 praestantissimo
1053 640 1145 670 Telu-

105 710 196 731 mone
212 708 346 739 cumque
363 695 496 727 Achille.

1247 435 1268 456 με

494 897 654 933 PYTH.
682 897 750 934 IX.

171 990 260 1031 TE
282 989 497 1030 LESIC
517 988 688 1030 RATl
732 987 1026 1029 CYRENAE
1043 989 1093 1035 Ο,

412 1100 601 1129 ARMA'ro
629 1099 852 1129 CURSORI.
877 1076 881 1080 -

108 1188 208 1231 VoLo
230 1199 697 1240 aereum-cIypeum-gestantem
716 1198 881 1240 Pythicum
896 1200 1040 1231 victorem
1057 1201 1149 1232 Telc—
1166 1206 1214 1229 Str.
1232 1208 1253 1228 1.

107 1253 247 1284 sicratem
258 1262 330 1282 cum
346 1250 584 1292 (adjuvantibus)
601 1251 837 1291 pulcre-cinctis
847 1253 1018 1293 praedicans
1036 1253 1150 1283 Gratiis

108 1303 270 1342 celeb'rare,
286 1303 408 1333 felicem
423 1302 534 1338 virum,
547 1301 695 1342 equestris
711 1302 804 1332 decus
819 1302 962 1343 Cyrenes,
973 1315 1065 1344 quam
1077 1316 1150 1335 ven-

109 1355 243 1397 tistrepis
259 1366 295 1385 ex
314 1354 391 1385 Pelii
404 1353 573 1385 recessibus
591 1358 732 1384 comatus
749 1354 908 1395 quondam
925 1356 1054 1387 Latonae
1072 1357 1152 1387 filius

108 1407 218 1448 rapuit,
235 1405 379 1447 vexitque
402 1415 494 1436 aureo
518 1403 667 1445 virginem
693 1405 881 1436 venatricem
909 1417 999 1438 curru
1026 1409 1071 1446 (in
1096 1409 1152 1439 Li-

108 1457 236 1499 byam):
269 1457 320 1487 ubi
343 1467 411 1487 earn
429 1465 582 1497 pecorosae
599 1460 630 1486 et
654 1456 962 1498 maxime-frugiferae
992 1459 1153 1491 constituit

109 1508 267 1540 dominam
290 1513 390 1547 terrae,
406 1512 441 1537 ut
457 1507 588 1538 radicem
614 1506 741 1547 (solum)
759 1507 840 1538 orbis
857 1513 1004 1540 terrarum
1028 1511 1150 1542 tertiam

110 1559 272 1590 amabilem
287 1560 445 1590 florentem
458 1558 653 1589 inhabitaret.
676 1577 721 1581 —
742 1557 879 1600 Excepit
895 1571 964 1591 vero
978 1563 1151 1604 argentipes
1164 1564 1271 1588 Ant.16.

111 1609 217 1640 Venus
242 1609 374 1641 Delium
403 1609 571 1651 hospitem,
596 1610 716 1641 divinos
745 1621 850 1641 currus
878 1612 1033 1653 attingens
1058 1625 1153 1646 manu

112 1661 218 1691 leviter
227 1671 237 1698 3
261 1661 457 1702 ipsorumque
473 1660 554 1691 dulci
566 1662 722 1692 connubio
734 1661 897 1693 amabilem
913 1663 1056 1705 adjunxit
1067 1676 1152 1697 vere-

113 1712 270 1749 cundiam,
288 1711 410 1753 nuptias
426 1711 483 1742 deo
498 1723 608 1753 parans
626 1724 698 1744 cum
715 1716 918 1755 praepotentis
934 1715 995 1748 filia
1011 1718 1148 1759 Hypsei3

111 1762 165 1804 qui
181 1762 382 1804 Lapitharum
399 1763 604 1795 violentorum
619 1769 694 1795 tunc
707 1769 770 1795 erat
779 1776 842 1804 rex,
854 1768 890 1797 ab
901 1768 1029 1800 Oceano
1044 1781 1157 1811 genere

112 1814 200 1844 heros
223 1813 391 1851 secundus3
416 1825 486 1845 eum
504 1815 579 1846 olim
603 1815 693 1846 Pindi
717 1817 805 1847 claris
822 1817 852 1848 in
870 1821 1057 1852 convallibus
1081 1822 1159 1853 Nais

113 1865 261 1896 delectata
277 1864 371 1895 Penei
388 1866 468 1896 lecto
493 1865 609 1897 Creusa
623 1874 782 1908 pepererat
799 1868 949 1901 ——Terrae
976 1871 1054 1904 filia.
1099 1873 1155 1905 Ille
1173 1880 1194 1904 E
1207 1889 1219 1903 ·.
1233 1881 1273 1902 31.

113 1920 216 1947 autern
227 1916 505 1948 lacertis-decoram
518 1917 659 1949 educavit
670 1918 764 1950 filiam
779 1920 930 1961 Cyrenen,
941 1934 1010 1964 quae
1035 1925 1160 1966 quidem
1199 1906 1203 1911 Δ

114 1977 212 2007 neque
236 1967 365 1998 telarum
382 1969 568 2010 retrogradas
592 1970 705 2001 amavit
731 1971 804 2010 vias,
822 1983 920 2013 neque
951 1976 1160 2009 conviviorum

115 2017 297 2049 domesticas
320 2018 398 2050 inter
420 2020 516 2051 socias
539 2022 776 2062 oblectationes,
801 2024 853 2054 scd
872 2023 1043 2068 jaculisque
1067 2030 1161 2060 oeneis

117 2070 326 2111 venabuloque
338 2082 482 2113 pugnans
501 2073 685 2105 conficiebat
695 2075 773 2104 feras
788 2075 917 2107 bestias:
943 2079 1074 2110 multam
1092 2091 1162 2121 pro-

118 2121 197 2151 fecto
211 2125 240 2152 et
256 2123 449 2164 tranquillam
473 2126 617 2158 armentis
640 2125 834 2157 securitatem
853 2128 991 2168 praebens
1008 2132 1160 2172 paternis3
