1439 2437
305 177 345 212 70
719 176 924 208 NEMEA.

301 261 358 291 etsi
373 261 480 302 longos
496 261 573 292 mihi
589 262 659 293 inde
674 263 768 293 saltus
789 263 883 294 fodiat
907 263 1025 304 aliquis,
1043 269 1145 295 tamen
1161 264 1259 295 habeo
1273 275 1327 305 ge-

301 323 398 342 nuum
415 313 524 353 agilem
541 313 702 354 impetum.
746 313 851 344 Etiam
867 318 949 345 trans
975 326 1055 346 mare
1079 316 1181 346 volant
1204 316 1326 356 aquilae.

301 362 454 403 Propitius
469 374 538 394 vero
552 363 645 394 etiam
662 363 720 394 illis
734 364 845 395 cecinit
866 365 898 395 in
926 364 1011 395 Pelio
1036 371 1140 396 monte
1165 365 1326 396 Musarum

299 413 498 453 pulcerrimus
514 414 632 452 chorus,
647 415 783 455 interque
801 415 913 446 medias
929 415 1073 457 citharam
1091 418 1202 458 Apollo
1230 415 1325 456 septi-

299 474 403 493 sonam
416 475 506 495 aureo
519 465 633 505 plectro
645 465 766 506 pulsans
778 466 963 505 praecinebat
972 467 1070 497 omnis
1080 467 1197 507 generis
1208 467 1324 497 modos.

195 534 248 556 Am.
263 535 285 558 ρ.
300 533 341 537 —
358 515 425 545 Illae
441 526 510 545 vero
533 515 666 556 primum
688 515 811 556 quidem
840 517 1026 556 cecinerunt,
1050 528 1068 547 a
1094 518 1171 548 Jove
1197 529 1324 555 exorsae,

226 569 265 589 ¹15-
300 565 500 596 venerandam
513 566 627 596 Thetin
646 565 849 607 Peleumque3
873 567 1085 608 quomodoque
1106 568 1207 609 ipsum
1221 573 1324 598 tenera

287 616 436 647 Cretheis
451 617 620 658 Hippolyta
643 618 714 648 dolo
734 617 847 648 irretire
871 619 1007 657 voluerit,
1039 630 1112 649 uxor
1135 619 1321 660 Magnetum

298 679 401 708 regem
418 679 488 699 cum
504 669 711 710 persuadendo
726 670 895 701 induxisset
912 671 1054 701 maritum
1066 671 1153 701 variis
1162 681 1322 701 commen-

298 720 335 750 tis
350 731 357 749 ε
396 721 575 751 mendacem
603 721 747 752 nimirum
775 722 884 752 fictum
914 721 1108 753 concinnavit
1137 732 1321 758 sermonem,

175 773 282 812 Fiunt-Q.
297 771 380 811 quasi
408 771 531 811 quidem
548 771 723 812 conjugales
753 777 898 803 tentasset
925 774 976 803 ille
1006 773 1036 803 in
1067 778 1132 803 toro
1159 773 1263 803 Acasti
1278 790 1322 796 —

225 810 230 818 ι
296 833 425 852 amores.
449 823 509 853 Sed
525 823 709 854 contrarium
723 828 794 854 erat.
819 824 910 864 Saepe
923 824 1005 854 enim
1027 824 1113 854 illum
1128 828 1193 854 toto
1217 824 1320 854 animo

295 873 535 913 inique-hortata
546 879 697 912 oraverat3
722 874 811 916 hujus
826 885 895 905 vero
912 875 984 904 iram
1003 874 1198 905 concitabant
1209 874 1322 905 nefaria

294 925 393 961 verba,
409 929 550 965 rectaque
566 925 713 955 recusavit
735 926 893 963 feminam,
916 925 1071 966 hospitalis
1096 924 1187 966 patris
1207 925 1317 966 (Jovis)

294 976 366 1005 iram
384 975 505 1006 veritus.
528 975 613 1005 Bene
630 987 698 1006 vero
725 977 892 1006 observavit
922 976 1088 1016 annuitque
1103 975 1159 1016 ipsi
1177 975 1320 1007 nimbifer

293 1038 331 1057 ex
347 1028 427 1056 coelo
439 1027 570 1067 Jupiter,
588 1027 806 1058 immortalium
823 1038 887 1065 rex,
902 1032 934 1057 ut
950 1027 1110 1057 confestim
1128 1026 1316 1057 marinarum

292 1078 735 1119 colum-auream-gestantium
751 1078 884 1119 aliquam
894 1078 1061 1108 Nereidum
1075 1078 1102 1108 ei
1115 1082 1231 1118 pararet
1244 1089 1320 1108 con—

186 1129 522 1170 sufflajugem-affini
541 1131 667 1169 (futuro)
687 1130 835 1170 Neptuno
866 1128 1068 1169 persuadcn83
1094 1128 1147 1168 qui
1163 1130 1200 1159 ab
1227 1128 1318 1169 AEgis

223 1168 260 1186 ω’
289 1180 325 1210 ad
342 1181 480 1211 inclitam
496 1192 579 1222 saepe
595 1180 798 1222 proficiscitur
813 1180 966 1210 Isthmum
985 1179 1130 1209 Doricam
1146 1190 1153 1209 :
1179 1179 1229 1209 ubi
1245 1189 1316 1210 eum

288 1231 395 1261 hilares
414 1231 587 1272 (juvenum)
605 1236 714 1262 turinae
729 1231 807 1261 inter
822 1231 932 1261 fistulae
947 1234 1070 1260 cantum
1093 1230 1184 1261 deum
1199 1230 1316 1271 excipi-

287 1287 354 1320 unt,
368 1288 401 1312 et
418 1283 523 1313 robore
541 1283 749 1313 membrorum
768 1286 885 1312 certant
902 1280 1020 1312 audaci.
1052 1280 1188 1311 Fortuna
1212 1285 1315 1312 autem

282 1333 401 1374 judicat
417 1333 580 1373 congenita
595 1334 632 1364 de
647 1333 735 1363 factis
752 1332 906 1363 omnibus.
951 1331 1001 1362 Tu
1018 1331 1128 1372 itaque,
1146 1342 1165 1361 o
1194 1331 1319 1373 Euthy-

288 1396 402 1422 menes,
419 1385 484 1415 deae
501 1384 645 1416 Victoriae
662 1385 693 1415 in
709 1385 778 1415 sinu
794 1385 952 1422 recubans,
966 1384 997 1414 in
1023 1382 1148 1423 [Eginae
1167 1383 1314 1415 honorem

192 1435 237 1477 ΛΨ
251 1437 274 1458 ⁴⁴3·
288 1436 382 1466 varios
408 1441 616 1476 consequutus
633 1447 664 1467 es
680 1437 810 1477 hymnos
835 1435 1012 1475 (victorias).
1028 1454 1071 1459 —
1085 1434 1180 1476 Atqui
1205 1436 1313 1466 subse-

220 1470 257 1491 ’ὅ”
289 1498 383 1528 quens
398 1492 428 1517 te
444 1487 535 1518 etiam
553 1499 634 1518 nunc
658 1493 730 1518 tuus
744 1497 1012 1527 ex-sorore-nepos
1040 1486 1159 1516 decorat
1183 1497 1314 1517 consan-

286 1539 428 1578 guineam
442 1544 566 1578 gentem
579 1539 720 1580 Pytheas.
744 1539 864 1569 Nemea
880 1538 1001 1579 quidem
1016 1542 1189 1578 opportuna
1199 1537 1257 1568 fuit
1266 1537 1314 1579 ip-

287 1588 310 1617 si
330 1589 495 1629 (auspicata
511 1590 548 1620 ad
572 1590 757 1629 victoriam),
774 1588 945 1629 mensisque
972 1589 1096 1629 patrius,
1112 1599 1202 1629 quem
1231 1593 1314 1619 amat

288 1639 413 1679 Apollo;
439 1641 570 1681 aequales
587 1652 656 1672 vero
669 1641 866 1671 adventantes
883 1640 1026 1679 domique
1050 1639 1202 1680 superavit
1227 1639 1313 1670 Nisi-

286 1701 344 1730 que
360 1691 397 1721 ad
414 1692 706 1723 convalle-cinctum
724 1692 891 1722 tumulum.
935 1690 1065 1720 Gaudeo
1088 1694 1202 1728 autem,
1231 1690 1313 1730 quod

285 1742 434 1781 praeclaris
450 1743 538 1774 factis
563 1748 719 1774 concertat
735 1748 800 1774 tota
817 1742 932 1773 civitas.
967 1740 1072 1771 Scito:
1096 1740 1183 1770 dulce
1206 1740 1313 1781 utique

186 1794 220 1822 Ei·
247 1796 270 1816 23-
287 1793 424 1824 laborum
448 1795 612 1835 praemium
640 1794 804 1825 Menandri
829 1804 882 1834 per
906 1793 1058 1822 fortunam
1076 1810 1118 1814 —
1143 1792 1312 1832 reportasti.

217 1828 256 1850 ω’
287 1843 418 1885 Oportet
434 1851 536 1877 autem
552 1847 589 1876 ab
602 1846 732 1876 Athenis
748 1845 894 1876 artificem
912 1842 1033 1874 athletis
1049 1843 1161 1873 adesse.
1192 1842 1226 1872 Si
1243 1852 1312 1872 vero

286 1895 323 1925 ad
346 1895 550 1928 Themistium
576 1897 762 1928 laudandum
778 1896 908 1934 accedis,
936 1905 974 1925 ne
994 1894 1197 1925 exhorrescas.
1242 1893 1311 1924 Ede

286 1956 403 1985 vocem,
420 1949 543 1989 velaque
559 1949 687 1979 extende
700 1947 737 1978 ad
748 1947 858 1989 jugum
875 1956 970 1986 usque
995 1944 1090 1983 mali3
1114 1944 1310 1985 pugilemque

284 2008 354 2028 eum
372 2004 401 2029 et
417 2001 566 2040 pancratii
591 2000 684 2031 dicito
700 1999 844 2041 adeptum
872 2009 937 2028 esse
959 1998 991 2028 in
1020 1996 1173 2037 Epidauro
1196 1996 1310 2037 duplex

283 2049 430 2081 vincendo
446 2052 549 2090 decus,
560 2056 589 2082 et
606 2051 642 2081 ad
658 2051 840 2082 vestibulum
853 2049 941 2080 AEaci
960 2050 1045 2079 flores
1062 2047 1191 2078 virentes
1202 2047 1308 2078 tulisse

282 2112 417 2141 coronaS,
431 2103 581 2134 beneficio
598 2103 741 2133 flavarum
758 2101 930 2132 Charitum.
