<?xml version="1.0" encoding="UTF-8"?>
<!DOCTYPE html PUBLIC "-//W3C//DTD XHTML 1.0 Transitional//EN"
    "http://www.w3.org/TR/xhtml1/DTD/xhtml1-transitional.dtd">
<html xmlns="http://www.w3.org/1999/xhtml" xml:lang="en" lang="en">
 <head>
  <title>
</title>
<meta http-equiv="Content-Type" content="text/html;charset=utf-8" />
  <meta name='ocr-system' content='tesseract 3.04.00' />
  <meta name='ocr-capabilities' content='ocr_page ocr_carea ocr_par ocr_line ocrx_word'/>
</head>
<body>
  <div class='ocr_page' id='page_1' title='image "./carminacumlectio02pinduoft_0071.png"; bbox 0 0 1439 2437; ppageno 0'>
   <div class='ocr_carea' id='block_1_1' title="bbox 280 784 970 929">
    <p class='ocr_par' dir='ltr' id='par_1_1' title="bbox 280 784 970 929">
     <span class='ocr_line' id='line_1_1' title="bbox 530 784 712 821; baseline -0.016 0"><span class='ocrx_word' id='word_1_1' title='bbox 530 785 656 821; x_wconf 88' lang='lat' dir='ltr'><strong>NEM.</strong></span> <span class='ocrx_word' id='word_1_2' title='bbox 685 784 712 819; x_wconf 86' lang='lat'>1.</span> 
     </span>
     <span class='ocr_line' id='line_1_2' title="bbox 280 880 970 929; baseline -0.007 1"><span class='ocrx_word' id='word_1_3' title='bbox 280 886 637 929; x_wconf 75' lang='lat' dir='ltr'>CHROMIO</span> <span class='ocrx_word' id='word_1_4' title='bbox 670 880 970 925; x_wconf 79' lang='lat' dir='ltr'>AETNAEO,</span> 
     </span>
    </p>
   </div>
   <div class='ocr_carea' id='block_1_2' title="bbox 532 1005 710 1034">
    <p class='ocr_par' dir='ltr' id='par_1_2' title="bbox 532 1005 710 1034">
     <span class='ocr_line' id='line_1_3' title="bbox 532 1005 710 1034; baseline -0.011 -1"><span class='ocrx_word' id='word_1_5' title='bbox 532 1005 710 1034; x_wconf 79' lang='lat' dir='ltr'><strong>CURRU.</strong></span> 
     </span>
    </p>
   </div>
   <div class='ocr_carea' id='block_1_3' title="bbox 104 1119 1246 1164">
    <p class='ocr_par' dir='ltr' id='par_1_3' title="bbox 104 1119 1246 1164">
     <span class='ocr_line' id='line_1_4' title="bbox 104 1119 1246 1164; baseline -0.01 -6"><span class='ocrx_word' id='word_1_6' title='bbox 104 1120 357 1159; x_wconf 56' lang='lat' dir='ltr'>Respmmmm</span> <span class='ocrx_word' id='word_1_7' title='bbox 374 1134 493 1155; x_wconf 85' lang='lat' dir='ltr'>sacrum</span> <span class='ocrx_word' id='word_1_8' title='bbox 510 1123 635 1164; x_wconf 78' lang='lat' dir='ltr'>Alphei,</span> <span class='ocrx_word' id='word_1_9' title='bbox 651 1121 825 1153; x_wconf 85' lang='lat' dir='ltr'>inclitarum</span> <span class='ocrx_word' id='word_1_10' title='bbox 838 1119 1059 1161; x_wconf 83' lang='lat' dir='ltr'>Syracusarum</span> <span class='ocrx_word' id='word_1_11' title='bbox 1074 1128 1142 1159; x_wconf 86' lang='lat' dir='ltr'>ger·</span> <span class='ocrx_word' id='word_1_12' title='bbox 1158 1125 1204 1148; x_wconf 68' lang='lat' dir='ltr'>Sir.</span> <span class='ocrx_word' id='word_1_13' title='bbox 1225 1128 1246 1147; x_wconf 90' lang='lat'>1.</span> 
     </span>
    </p>
   </div>
   <div class='ocr_carea' id='block_1_4' title="bbox 106 1174 1274 2147">
    <p class='ocr_par' dir='ltr' id='par_1_4' title="bbox 106 1174 1142 1221">
     <span class='ocr_line' id='line_1_5' title="bbox 106 1174 1142 1221; baseline -0.013 -4"><span class='ocrx_word' id='word_1_14' title='bbox 106 1195 177 1217; x_wconf 84' lang='lat' dir='ltr'>men</span> <span class='ocrx_word' id='word_1_15' title='bbox 196 1181 349 1221; x_wconf 80' lang='lat' dir='ltr'>(colonia),</span> <span class='ocrx_word' id='word_1_16' title='bbox 366 1191 384 1210; x_wconf 95' lang='lat' dir='ltr'>o</span> <span class='ocrx_word' id='word_1_17' title='bbox 400 1179 540 1221; x_wconf 76' lang='lat' dir='ltr'>Ortygia,</span> <span class='ocrx_word' id='word_1_18' title='bbox 557 1179 656 1210; x_wconf 77' lang='lat' dir='ltr'>cubile</span> <span class='ocrx_word' id='word_1_19' title='bbox 683 1177 793 1217; x_wconf 84' lang='lat' dir='ltr'>(sedes)</span> <span class='ocrx_word' id='word_1_20' title='bbox 812 1176 936 1214; x_wconf 69' lang='lat' dir='ltr'>Dianae,</span> <span class='ocrx_word' id='word_1_21' title='bbox 953 1175 1026 1206; x_wconf 87' lang='lat' dir='ltr'>Deli</span> <span class='ocrx_word' id='word_1_22' title='bbox 1041 1174 1142 1206; x_wconf 87' lang='lat' dir='ltr'>soror!</span> 
     </span>
    </p>

    <p class='ocr_par' dir='ltr' id='par_1_5' title="bbox 106 1225 1262 1631">
     <span class='ocr_line' id='line_1_6' title="bbox 106 1225 1144 1272; baseline -0.009 -7"><span class='ocrx_word' id='word_1_23' title='bbox 106 1247 124 1266; x_wconf 80' lang='lat' dir='ltr'>a</span> <span class='ocrx_word' id='word_1_24' title='bbox 138 1240 168 1265; x_wconf 87' lang='lat' dir='ltr'>tc</span> <span class='ocrx_word' id='word_1_25' title='bbox 184 1232 376 1272; x_wconf 80' lang='lat' dir='ltr'>suaviloquus</span> <span class='ocrx_word' id='word_1_26' title='bbox 393 1231 526 1272; x_wconf 88' lang='lat' dir='ltr'><strong>hymnus</strong></span> <span class='ocrx_word' id='word_1_27' title='bbox 542 1230 659 1261; x_wconf 86' lang='lat' dir='ltr'>orditur</span> <span class='ocrx_word' id='word_1_28' title='bbox 672 1229 771 1259; x_wconf 86' lang='lat' dir='ltr'><strong>dicere</strong></span> <span class='ocrx_word' id='word_1_29' title='bbox 787 1228 890 1258; x_wconf 87' lang='lat' dir='ltr'>laudes</span> <span class='ocrx_word' id='word_1_30' title='bbox 901 1225 1144 1268; x_wconf 86' lang='lat' dir='ltr'>procellipedum</span> 
     </span>
     <span class='ocr_line' id='line_1_7' title="bbox 107 1278 1147 1326; baseline -0.006 -12"><span class='ocrx_word' id='word_1_31' title='bbox 107 1294 235 1326; x_wconf 81' lang='lat' dir='ltr'>magnus</span> <span class='ocrx_word' id='word_1_32' title='bbox 252 1293 412 1323; x_wconf 82' lang='lat' dir='ltr'>equorum,</span> <span class='ocrx_word' id='word_1_33' title='bbox 428 1281 514 1312; x_wconf 87' lang='lat' dir='ltr'>Jovis</span> <span class='ocrx_word' id='word_1_34' title='bbox 531 1279 857 1311; x_wconf 80' lang='lat' dir='ltr'>AEtnaeibeneficium.</span> <span class='ocrx_word' id='word_1_35' title='bbox 903 1278 1061 1320; x_wconf 81' lang='lat' dir='ltr'>Quadriga</span> <span class='ocrx_word' id='word_1_36' title='bbox 1076 1289 1147 1309; x_wconf 90' lang='lat' dir='ltr'>vero</span> 
     </span>
     <span class='ocr_line' id='line_1_8' title="bbox 106 1330 1147 1373; baseline -0.007 -6"><span class='ocrx_word' id='word_1_37' title='bbox 106 1336 215 1368; x_wconf 80' lang='lat' dir='ltr'>incitat</span> <span class='ocrx_word' id='word_1_38' title='bbox 239 1332 378 1364; x_wconf 79' lang='lat' dir='ltr'>Chromii</span> <span class='ocrx_word' id='word_1_39' title='bbox 395 1333 588 1373; x_wconf 87' lang='lat' dir='ltr'>Nemeaque,</span> <span class='ocrx_word' id='word_1_40' title='bbox 605 1331 792 1363; x_wconf 79' lang='lat' dir='ltr'>facinoribus</span> <span class='ocrx_word' id='word_1_41' title='bbox 818 1330 1025 1362; x_wconf 81' lang='lat' dir='ltr'>victorialibus</span> <span class='ocrx_word' id='word_1_42' title='bbox 1041 1330 1147 1361; x_wconf 83' lang='lat' dir='ltr'>lauda-</span> 
     </span>
     <span class='ocr_line' id='line_1_9' title="bbox 106 1381 1262 1425; baseline -0.005 -7"><span class='ocrx_word' id='word_1_43' title='bbox 106 1387 221 1418; x_wconf 90' lang='lat' dir='ltr'>torium</span> <span class='ocrx_word' id='word_1_44' title='bbox 232 1394 416 1425; x_wconf 87' lang='lat' dir='ltr'>componere</span> <span class='ocrx_word' id='word_1_45' title='bbox 430 1395 562 1415; x_wconf 84' lang='lat' dir='ltr'>carmen.</span> <span class='ocrx_word' id='word_1_46' title='bbox 582 1404 625 1407; x_wconf 96' lang='lat'><strong>—</strong></span> <span class='ocrx_word' id='word_1_47' title='bbox 640 1383 735 1415; x_wconf 88' lang='lat' dir='ltr'>Initia</span> <span class='ocrx_word' id='word_1_48' title='bbox 746 1382 942 1424; x_wconf 84' lang='lat' dir='ltr'>autemjacta</span> <span class='ocrx_word' id='word_1_49' title='bbox 958 1386 1031 1413; x_wconf 86' lang='lat' dir='ltr'>sunt</span> <span class='ocrx_word' id='word_1_50' title='bbox 1048 1392 1065 1412; x_wconf 85' lang='lat' dir='ltr'>a</span> <span class='ocrx_word' id='word_1_51' title='bbox 1081 1381 1150 1419; x_wconf 83' lang='lat' dir='ltr'>diis,</span> <span class='ocrx_word' id='word_1_52' title='bbox 1165 1381 1222 1404; x_wconf 66' lang='lat' dir='ltr'>Affl-</span> <span class='ocrx_word' id='word_1_53' title='bbox 1241 1382 1262 1403; x_wconf 86' lang='lat'>¹·</span> 
     </span>
     <span class='ocr_line' id='line_1_10' title="bbox 107 1433 1152 1479; baseline -0.005 -10"><span class='ocrx_word' id='word_1_54' title='bbox 107 1439 248 1479; x_wconf 87' lang='lat' dir='ltr'>illiusque</span> <span class='ocrx_word' id='word_1_55' title='bbox 272 1437 327 1467; x_wconf 91' lang='lat' dir='ltr'>viri</span> <span class='ocrx_word' id='word_1_56' title='bbox 353 1436 464 1466; x_wconf 89' lang='lat' dir='ltr'>divinis</span> <span class='ocrx_word' id='word_1_57' title='bbox 489 1436 665 1467; x_wconf 89' lang='lat' dir='ltr'>virtutibus.</span> <span class='ocrx_word' id='word_1_58' title='bbox 710 1435 768 1467; x_wconf 91' lang='lat' dir='ltr'>Est</span> <span class='ocrx_word' id='word_1_59' title='bbox 794 1435 940 1467; x_wconf 90' lang='lat' dir='ltr'>nimirum</span> <span class='ocrx_word' id='word_1_60' title='bbox 964 1434 995 1464; x_wconf 91' lang='lat' dir='ltr'>in</span> <span class='ocrx_word' id='word_1_61' title='bbox 1022 1433 1152 1465; x_wconf 87' lang='lat' dir='ltr'>victoria</span> 
     </span>
     <span class='ocr_line' id='line_1_11' title="bbox 108 1484 1153 1529; baseline -0.004 -8"><span class='ocrx_word' id='word_1_62' title='bbox 108 1490 211 1521; x_wconf 89' lang='lat' dir='ltr'>omnis</span> <span class='ocrx_word' id='word_1_63' title='bbox 231 1489 337 1529; x_wconf 89' lang='lat' dir='ltr'>gloriae</span> <span class='ocrx_word' id='word_1_64' title='bbox 363 1484 532 1528; x_wconf 69' lang='lat' dir='ltr'>fastigium,</span> <span class='ocrx_word' id='word_1_65' title='bbox 557 1498 803 1529; x_wconf 86' lang='lat' dir='ltr'>magnorumque</span> <span class='ocrx_word' id='word_1_66' title='bbox 828 1487 1031 1518; x_wconf 82' lang='lat' dir='ltr'>certaminum</span> <span class='ocrx_word' id='word_1_67' title='bbox 1058 1486 1153 1518; x_wconf 85' lang='lat' dir='ltr'>Musa</span> 
     </span>
     <span class='ocr_line' id='line_1_12' title="bbox 109 1538 1150 1580; baseline -0.003 -8"><span class='ocrx_word' id='word_1_68' title='bbox 109 1540 287 1572; x_wconf 82' lang='lat' dir='ltr'>meminisse</span> <span class='ocrx_word' id='word_1_69' title='bbox 313 1544 406 1569; x_wconf 83' lang='lat' dir='ltr'>amat.</span> <span class='ocrx_word' id='word_1_70' title='bbox 451 1538 566 1570; x_wconf 86' lang='lat' dir='ltr'>Excita</span> <span class='ocrx_word' id='word_1_71' title='bbox 592 1550 675 1570; x_wconf 85' lang='lat' dir='ltr'>nunc</span> <span class='ocrx_word' id='word_1_72' title='bbox 700 1539 793 1570; x_wconf 86' lang='lat' dir='ltr'>decus</span> <span class='ocrx_word' id='word_1_73' title='bbox 818 1539 943 1580; x_wconf 89' lang='lat' dir='ltr'>aliquod</span> <span class='ocrx_word' id='word_1_74' title='bbox 970 1538 1150 1579; x_wconf 87' lang='lat' dir='ltr'>(hymnum)</span> 
     </span>
     <span class='ocr_line' id='line_1_13' title="bbox 111 1589 1152 1631; baseline -0.003 -9"><span class='ocrx_word' id='word_1_75' title='bbox 111 1592 233 1628; x_wconf 87' lang='lat' dir='ltr'>iusulae,</span> <span class='ocrx_word' id='word_1_76' title='bbox 250 1600 342 1630; x_wconf 89' lang='lat' dir='ltr'>quam</span> <span class='ocrx_word' id='word_1_77' title='bbox 358 1590 488 1630; x_wconf 88' lang='lat' dir='ltr'>Olympi</span> <span class='ocrx_word' id='word_1_78' title='bbox 497 1600 550 1621; x_wconf 81' lang='lat' dir='ltr'>rex</span> <span class='ocrx_word' id='word_1_79' title='bbox 559 1590 685 1631; x_wconf 88' lang='lat' dir='ltr'>Jupiter</span> <span class='ocrx_word' id='word_1_80' title='bbox 699 1590 782 1621; x_wconf 89' lang='lat' dir='ltr'>dedit</span> <span class='ocrx_word' id='word_1_81' title='bbox 801 1590 1009 1631; x_wconf 82' lang='lat' dir='ltr'>Proserpinae3</span> <span class='ocrx_word' id='word_1_82' title='bbox 1027 1589 1152 1620; x_wconf 86' lang='lat' dir='ltr'>annuit-</span> 
     </span>
    </p>

    <p class='ocr_par' dir='ltr' id='par_1_6' title="bbox 112 1640 1274 2147">
     <span class='ocr_line' id='line_1_14' title="bbox 112 1640 1274 1687; baseline -0.002 -15"><span class='ocrx_word' id='word_1_83' title='bbox 112 1653 171 1684; x_wconf 84' lang='lat' dir='ltr'>que</span> <span class='ocrx_word' id='word_1_84' title='bbox 187 1641 214 1672; x_wconf 88' lang='lat' dir='ltr'>ei</span> <span class='ocrx_word' id='word_1_85' title='bbox 227 1640 361 1679; x_wconf 84' lang='lat' dir='ltr'>caesarie,</span> <span class='ocrx_word' id='word_1_86' title='bbox 378 1646 414 1671; x_wconf 84' lang='lat' dir='ltr'>ut</span> <span class='ocrx_word' id='word_1_87' title='bbox 429 1660 472 1664; x_wconf 91' lang='lat'><strong>—</strong></span> <span class='ocrx_word' id='word_1_88' title='bbox 488 1642 553 1687; x_wconf 74' lang='lat' dir='ltr'>ipsa</span> <span class='ocrx_word' id='word_1_89' title='bbox 576 1641 715 1672; x_wconf 86' lang='lat' dir='ltr'>Siciliam</span> <span class='ocrx_word' id='word_1_90' title='bbox 732 1641 857 1672; x_wconf 89' lang='lat' dir='ltr'>divitem</span> <span class='ocrx_word' id='word_1_91' title='bbox 874 1642 1058 1682; x_wconf 83' lang='lat' dir='ltr'>gubernaret</span> <span class='ocrx_word' id='word_1_92' title='bbox 1074 1641 1152 1671; x_wconf 79' lang='lat' dir='ltr'>emi·</span> <span class='ocrx_word' id='word_1_93' title='bbox 1168 1640 1214 1670; x_wconf 79' lang='lat' dir='ltr'>Ep.</span> <span class='ocrx_word' id='word_1_94' title='bbox 1235 1641 1274 1663; x_wconf 62' lang='grc' dir='ltr'>Ἦ·</span> 
     </span>
     <span class='ocr_line' id='line_1_15' title="bbox 112 1691 1155 1734; baseline -0.001 -10"><span class='ocrx_word' id='word_1_95' title='bbox 112 1698 239 1724; x_wconf 85' lang='lat' dir='ltr'>nentem</span> <span class='ocrx_word' id='word_1_96' title='bbox 264 1691 370 1723; x_wconf 84' lang='lat' dir='ltr'>fertilis</span> <span class='ocrx_word' id='word_1_97' title='bbox 396 1693 452 1723; x_wconf 88' lang='lat' dir='ltr'>soli</span> <span class='ocrx_word' id='word_1_98' title='bbox 475 1693 629 1734; x_wconf 89' lang='lat' dir='ltr'>opulentis</span> <span class='ocrx_word' id='word_1_99' title='bbox 653 1693 810 1724; x_wconf 85' lang='lat' dir='ltr'>civitatem</span> <span class='ocrx_word' id='word_1_100' title='bbox 834 1694 972 1734; x_wconf 84' lang='lat' dir='ltr'>fastigiis.</span> <span class='ocrx_word' id='word_1_101' title='bbox 1019 1694 1155 1725; x_wconf 80' lang='lat' dir='ltr'>Praebuit</span> 
     </span>
     <span class='ocr_line' id='line_1_16' title="bbox 112 1742 1153 1787; baseline 0.001 -11"><span class='ocrx_word' id='word_1_102' title='bbox 112 1754 234 1787; x_wconf 89' lang='lat' dir='ltr'>quoque</span> <span class='ocrx_word' id='word_1_103' title='bbox 245 1742 407 1774; x_wconf 77' lang='lat' dir='ltr'>Saturnius</span> <span class='ocrx_word' id='word_1_104' title='bbox 421 1744 448 1774; x_wconf 91' lang='lat' dir='ltr'>ei</span> <span class='ocrx_word' id='word_1_105' title='bbox 458 1745 530 1775; x_wconf 90' lang='lat' dir='ltr'>belli</span> <span class='ocrx_word' id='word_1_106' title='bbox 542 1750 696 1776; x_wconf 84' lang='lat' dir='ltr'>amantem</span> <span class='ocrx_word' id='word_1_107' title='bbox 708 1745 795 1776; x_wconf 88' lang='lat' dir='ltr'>ferrei</span> <span class='ocrx_word' id='word_1_108' title='bbox 808 1747 957 1787; x_wconf 88' lang='lat' dir='ltr'>populum</span> <span class='ocrx_word' id='word_1_109' title='bbox 969 1752 1153 1787; x_wconf 88' lang='lat' dir='ltr'>equestrem,</span> 
     </span>
     <span class='ocr_line' id='line_1_17' title="bbox 112 1795 1155 1837; baseline 0.002 -10"><span class='ocrx_word' id='word_1_110' title='bbox 112 1798 285 1837; x_wconf 81' lang='lat' dir='ltr'>frequenter</span> <span class='ocrx_word' id='word_1_111' title='bbox 298 1795 390 1826; x_wconf 85' lang='lat' dir='ltr'>etiam</span> <span class='ocrx_word' id='word_1_112' title='bbox 403 1796 638 1837; x_wconf 88' lang='lat' dir='ltr'>Olympicarum</span> <span class='ocrx_word' id='word_1_113' title='bbox 654 1796 733 1827; x_wconf 86' lang='lat' dir='ltr'>foliis</span> <span class='ocrx_word' id='word_1_114' title='bbox 744 1797 881 1828; x_wconf 83' lang='lat' dir='ltr'>olearum</span> <span class='ocrx_word' id='word_1_115' title='bbox 893 1797 990 1828; x_wconf 84' lang='lat' dir='ltr'>aureis</span> <span class='ocrx_word' id='word_1_116' title='bbox 1000 1802 1155 1829; x_wconf 85' lang='lat' dir='ltr'>ornatum.</span> 
     </span>
     <span class='ocr_line' id='line_1_18' title="bbox 114 1846 1257 1890; baseline -0.004 -12"><span class='ocrx_word' id='word_1_117' title='bbox 114 1847 220 1878; x_wconf 83' lang='lat' dir='ltr'>Multa</span> <span class='ocrx_word' id='word_1_118' title='bbox 233 1846 320 1887; x_wconf 80' lang='lat' dir='ltr'>attigi</span> <span class='ocrx_word' id='word_1_119' title='bbox 337 1858 374 1877; x_wconf 84' lang='lat' dir='ltr'>ex</span> <span class='ocrx_word' id='word_1_120' title='bbox 392 1847 456 1888; x_wconf 88' lang='lat' dir='ltr'>ipsa</span> <span class='ocrx_word' id='word_1_121' title='bbox 478 1858 520 1886; x_wconf 91' lang='lat' dir='ltr'>re,</span> <span class='ocrx_word' id='word_1_122' title='bbox 537 1858 601 1878; x_wconf 85' lang='lat' dir='ltr'>non</span> <span class='ocrx_word' id='word_1_123' title='bbox 623 1859 780 1889; x_wconf 83' lang='lat' dir='ltr'>perperam</span> <span class='ocrx_word' id='word_1_124' title='bbox 801 1848 967 1890; x_wconf 82' lang='lat' dir='ltr'>jaculatus.</span> <span class='ocrx_word' id='word_1_125' title='bbox 991 1868 1035 1872; x_wconf 90' lang='lat'><strong>—</strong></span> <span class='ocrx_word' id='word_1_126' title='bbox 1058 1850 1157 1880; x_wconf 88' lang='lat' dir='ltr'>Adsto</span> <span class='ocrx_word' id='word_1_127' title='bbox 1171 1853 1217 1888; x_wconf 57' lang='lat' dir='ltr'>Sir,</span> <span class='ocrx_word' id='word_1_128' title='bbox 1233 1855 1257 1876; x_wconf 67' lang='lat'>12,</span> 
     </span>
     <span class='ocr_line' id='line_1_19' title="bbox 117 1887 1226 1942; baseline 0.002 -12"><span class='ocrx_word' id='word_1_129' title='bbox 117 1904 222 1930; x_wconf 85' lang='lat' dir='ltr'>autem</span> <span class='ocrx_word' id='word_1_130' title='bbox 247 1898 285 1928; x_wconf 83' lang='lat' dir='ltr'>ad</span> <span class='ocrx_word' id='word_1_131' title='bbox 309 1898 423 1929; x_wconf 82' lang='lat' dir='ltr'>aulicas</span> <span class='ocrx_word' id='word_1_132' title='bbox 447 1899 525 1929; x_wconf 85' lang='lat' dir='ltr'>fores</span> <span class='ocrx_word' id='word_1_133' title='bbox 553 1898 609 1929; x_wconf 87' lang='lat' dir='ltr'>viri</span> <span class='ocrx_word' id='word_1_134' title='bbox 634 1899 792 1941; x_wconf 86' lang='lat' dir='ltr'>hospitalis</span> <span class='ocrx_word' id='word_1_135' title='bbox 814 1902 960 1942; x_wconf 60' lang='lat' dir='ltr'>praeclara</span> <span class='ocrx_word' id='word_1_136' title='bbox 983 1901 1157 1941; x_wconf 81' lang='lat' dir='ltr'>(victoriam</span> <span class='ocrx_word' id='word_1_137' title='bbox 1188 1887 1226 1908; x_wconf 43' lang='grc' dir='ltr'>(Μ’</span> 
     </span>
     <span class='ocr_line' id='line_1_20' title="bbox 115 1950 1157 1994; baseline 0.003 -14"><span class='ocrx_word' id='word_1_138' title='bbox 115 1950 195 1992; x_wconf 76' lang='lat' dir='ltr'>ejus)</span> <span class='ocrx_word' id='word_1_139' title='bbox 224 1960 355 1981; x_wconf 87' lang='lat' dir='ltr'>canens:</span> <span class='ocrx_word' id='word_1_140' title='bbox 388 1951 442 1981; x_wconf 91' lang='lat' dir='ltr'>ubi</span> <span class='ocrx_word' id='word_1_141' title='bbox 466 1950 543 1981; x_wconf 82' lang='lat' dir='ltr'>mihi</span> <span class='ocrx_word' id='word_1_142' title='bbox 566 1954 728 1993; x_wconf 85' lang='lat' dir='ltr'>(tanquam</span> <span class='ocrx_word' id='word_1_143' title='bbox 757 1951 823 1994; x_wconf 88' lang='lat' dir='ltr'>ejus</span> <span class='ocrx_word' id='word_1_144' title='bbox 851 1953 977 1994; x_wconf 90' lang='lat' dir='ltr'>hospiti)</span> <span class='ocrx_word' id='word_1_145' title='bbox 1007 1952 1157 1994; x_wconf 85' lang='lat' dir='ltr'>placitum</span> 
     </span>
     <span class='ocr_line' id='line_1_21' title="bbox 117 2001 1157 2046; baseline 0.003 -15"><span class='ocrx_word' id='word_1_146' title='bbox 117 2002 242 2043; x_wconf 85' lang='lat' dir='ltr'>epulum</span> <span class='ocrx_word' id='word_1_147' title='bbox 259 2001 438 2033; x_wconf 86' lang='lat' dir='ltr'>adornatum</span> <span class='ocrx_word' id='word_1_148' title='bbox 463 2006 508 2033; x_wconf 87' lang='lat' dir='ltr'>est</span> <span class='ocrx_word' id='word_1_149' title='bbox 518 2014 528 2041; x_wconf 78' lang='lat'>3</span> <span class='ocrx_word' id='word_1_150' title='bbox 554 2004 659 2034; x_wconf 87' lang='lat' dir='ltr'>crebro</span> <span class='ocrx_word' id='word_1_151' title='bbox 672 2004 755 2035; x_wconf 90' lang='lat' dir='ltr'>enim</span> <span class='ocrx_word' id='word_1_152' title='bbox 772 2005 1004 2046; x_wconf 83' lang='lat' dir='ltr'>peregrinorum</span> <span class='ocrx_word' id='word_1_153' title='bbox 1024 2015 1086 2035; x_wconf 89' lang='lat' dir='ltr'>uon</span> <span class='ocrx_word' id='word_1_154' title='bbox 1102 2015 1157 2034; x_wconf 84' lang='lat' dir='ltr'>ex-</span> 
     </span>
     <span class='ocr_line' id='line_1_22' title="bbox 119 2052 1156 2095; baseline 0.003 -13"><span class='ocrx_word' id='word_1_155' title='bbox 119 2056 218 2092; x_wconf 84' lang='lat' dir='ltr'>pertes</span> <span class='ocrx_word' id='word_1_156' title='bbox 241 2053 321 2084; x_wconf 89' lang='lat' dir='ltr'>aedes</span> <span class='ocrx_word' id='word_1_157' title='bbox 344 2052 409 2094; x_wconf 82' lang='lat' dir='ltr'>ejus</span> <span class='ocrx_word' id='word_1_158' title='bbox 432 2059 514 2085; x_wconf 88' lang='lat' dir='ltr'>sunt.</span> <span class='ocrx_word' id='word_1_159' title='bbox 563 2054 669 2086; x_wconf 84' lang='lat' dir='ltr'>Habet</span> <span class='ocrx_word' id='word_1_160' title='bbox 693 2066 763 2086; x_wconf 89' lang='lat' dir='ltr'>vero</span> <span class='ocrx_word' id='word_1_161' title='bbox 787 2056 830 2086; x_wconf 87' lang='lat' dir='ltr'>vir</span> <span class='ocrx_word' id='word_1_162' title='bbox 847 2057 946 2087; x_wconf 87' lang='lat' dir='ltr'>bonus</span> <span class='ocrx_word' id='word_1_163' title='bbox 963 2057 1032 2095; x_wconf 85' lang='lat' dir='ltr'>hoc,</span> <span class='ocrx_word' id='word_1_164' title='bbox 1050 2060 1085 2086; x_wconf 92' lang='lat' dir='ltr'>ut</span> <span class='ocrx_word' id='word_1_165' title='bbox 1101 2056 1156 2085; x_wconf 93' lang='lat' dir='ltr'>ob-</span> 
     </span>
     <span class='ocr_line' id='line_1_23' title="bbox 119 2104 1157 2147; baseline 0.005 -14"><span class='ocrx_word' id='word_1_166' title='bbox 119 2104 319 2137; x_wconf 64' lang='lat' dir='ltr'>nectantibus</span> <span class='ocrx_word' id='word_1_167' title='bbox 335 2115 446 2147; x_wconf 82' lang='lat' dir='ltr'>aquam</span> <span class='ocrx_word' id='word_1_168' title='bbox 462 2107 551 2139; x_wconf 86' lang='lat' dir='ltr'>fumo</span> <span class='ocrx_word' id='word_1_169' title='bbox 563 2106 730 2144; x_wconf 81' lang='lat' dir='ltr'>(incendio)</span> <span class='ocrx_word' id='word_1_170' title='bbox 743 2109 818 2140; x_wconf 84' lang='lat' dir='ltr'>ferat</span> <span class='ocrx_word' id='word_1_171' title='bbox 834 2107 1027 2140; x_wconf 81' lang='lat' dir='ltr'>contrariam.</span> <span class='ocrx_word' id='word_1_172' title='bbox 1067 2109 1157 2140; x_wconf 84' lang='lat' dir='ltr'>Artes</span> 
     </span>
    </p>
   </div>
  </div>
 </body>
</html>
