1439 2437
137 534 191 556 Anl.
207 534 230 556 Q.

184 568 224 589 5¹).

164 896 208 923 Ep.
219 899 240 919 ‘2-

185 931 224 951 7:3⁴

152 1138 201 1160 Ser.
217 1139 236 1160 3.

179 1171 220 1193 ὃὸ,

152 1501 239 1525 Anus.

173 1537 225 1557 nu.

169 1922 223 1959 1132ss

256 232 292 257 18
638 229 900 260 OLYMPIA.

254 319 651 355 argenteo-arcu-pugnans
683 314 838 353 Phoebus3
872 325 971 355 neque
1003 313 1094 346 Pluto
1124 315 1286 344 immotam

253 366 356 396 tenuit
386 366 516 404 hastam,
543 365 683 396 mortalia
706 376 830 406 corpora
854 376 915 407 qua
939 365 1093 405 compellit
1117 375 1225 395 cavum
1249 365 1287 394 ad

257 417 359 447 vicum
377 420 576 447 mortuorum.
613 415 722 457 Abjice
736 416 812 446 mihi
826 426 996 446 sermonem
1008 416 1103 455 hunc,
1119 427 1162 446 os.
1202 416 1286 445 Nam

257 468 418 499 conviciari
443 468 499 498 diis
523 468 626 498 odiosa
642 467 790 508 sapientia
805 472 869 506 est3
895 471 924 497 et
940 467 1058 507 gloriari
1075 466 1286 507 intempestive

256 539 298 542 -—-
323 519 450 549 insaniae
468 524 626 549 consonat.
672 518 721 548 Ne
738 529 820 548 nune
844 520 969 549 blateres
984 518 1065 548 talia.
1111 518 1205 548 Mitte
1220 519 1286 548 bel-

256 571 320 600 lum
346 581 543 610 pugnamque
559 581 682 600 omnem
707 569 943 608 lmmortalium,
961 574 1116 600 convertas
1131 570 1233 610 potius
1249 569 1287 599 ad

257 621 450 661 Protogenize
464 622 569 652 urbem
584 622 733 661 linguam,
750 621 800 651 ubi
816 619 1107 651 fulmina-vibrantis
1123 619 1209 650 Jovis
1225 621 1286 650 im-

254 672 338 712 perio
364 672 476 712 Pyrrha
501 672 743 712 Deucalionque‚
773 672 920 702 Parnasso
948 683 1019 702 cum
1045 672 1286 710 descendissent,

254 722 381 752 domum
407 727 622 753 exstruxerunt
646 723 791 763 primum,
816 723 943 764 sineque
968 723 1136 753 concubitu
1149 721 1285 762 ejusdem

253 774 371 813 generis
402 773 610 814 produxerunt
634 773 783 814 lapideam
809 775 956 812 sobolom,
983 773 1034 814 qui
1059 773 1117 803 Lai
1144 773 1286 813 adpellati

253 829 334 854 sunt.
380 824 491 855 Excita
508 825 678 855 carminum
697 825 755 855 illis
770 825 875 855 modos
889 836 1023 863 sonoros,
1038 824 1187 864 laudaque
1198 829 1285 854 vetus

253 875 377 915 quidem
388 876 513 912 vinum3
532 876 617 905 flores
628 886 697 906 vero
710 876 895 916 hymnorum
909 895 951 898 -—
970 875 1152 906 recentium.
1189 874 1285 904 Aiunt

253 937 325 957 sane
342 932 448 956 terram
468 926 590 966 quidem
609 926 772 956 inundasse
795 927 913 966 nigram
930 937 1019 967 aquae
1035 925 1108 964 vim,
1125 925 1176 955 sed
1199 925 1285 955 Jovis

253 982 314 1006 arte
339 982 505 1017 resorptam
529 987 592 1007 esse
615 981 739 1017 repente
763 977 909 1007 undarum
936 977 1109 1007 colluviem.
1154 975 1204 1005 Ex
1227 975 1286 1005 illis

251 1032 353 1057 nutem
371 1028 519 1068 originem
544 1028 698 1058 duxerunt
721 1027 1097 1067 aereis-clypeis·instructi
1113 1027 1202 1057 vestri
1219 1037 1285 1057 ma-

247 1077 338 1118 jores,
356 1079 473 1118 origine
488 1078 691 1119 Japetionidis
707 1078 808 1118 stirpis
823 1078 877 1108 filii
891 1079 1120 1119 puellarumque
1136 1082 1285 1118 praestan-

251 1128 436 1159 tissimorum
462 1128 675 1167 Cronidarum‚
701 1129 855 1169 indigenae
879 1140 964 1170 reges
987 1139 1124 1170 semper;
1155 1147 1199 1152 —
1215 1133 1286 1158 ante

254 1190 346 1219 quam
375 1181 540 1221 Olympius
564 1191 616 1211 rex
643 1191 714 1210 cum
739 1180 800 1210 filia
821 1179 969 1221 Opuntis,
985 1191 1002 1210 e
1025 1184 1102 1210 terra
1125 1179 1285 1220 Epeorum

255 1236 350 1271 rapta,
368 1232 447 1261 clam
465 1231 673 1262 consuevisset
689 1231 847 1262 Maenaliis
863 1232 892 1261 in
906 1231 1000 1272 jugis,
1023 1242 1152 1272 eamque
1168 1231 1287 1261 addux-

254 1281 325 1311 isset
335 1282 371 1312 acl
383 1282 525 1319 Locrum,
538 1294 575 1312 ne
586 1283 716 1313 auferret
726 1294 796 1313 eum
808 1288 958 1320 senectus,
970 1287 1098 1313 mortem
1109 1282 1286 1320 admovens,

253 1334 360 1363 orbum
372 1335 465 1374 prole.
503 1334 604 1364 Enixa
614 1339 715 1365 autem
727 1339 772 1364 est
783 1336 896 1375 prolem
910 1334 1174 1374 generosissimam
1187 1344 1284 1372 ux0r3

254 1384 436 1424 gavisusque
452 1390 496 1414 est
513 1385 643 1415 intuitus
660 1385 746 1416 heros
761 1386 915 1416 subditum
934 1385 1042 1415 filium.
1087 1385 1220 1415 Materni
1238 1385 1286 1416 avi

253 1440 356 1465 autem
369 1434 461 1476 jussit
478 1447 546 1466 eum
565 1437 784 1476 cognominem
801 1447 875 1474 esse,
893 1447 1050 1467 summum
1076 1436 1172 1466 virum
1188 1436 1286 1466 forma

253 1491 283 1515 et
299 1487 397 1524 factis,
414 1488 580 1527 urbemque
597 1487 624 1517 ei
640 1487 722 1517 dedit
739 1488 947 1528 populumque
964 1487 1143 1527 regendum.
1159 1505 1203 1509 —
1217 1486 1284 1517 Ad-

253 1542 400 1567 venerunt
414 1544 514 1568 autem
533 1537 583 1576 (ad
599 1539 683 1577 eum)
700 1539 835 1578 hospites
848 1549 885 1568 ex
899 1539 989 1579 Argis
1004 1549 1040 1568 ex
1056 1537 1244 1578 Thebisque,
1254 1544 1285 1568 et

253 1588 385 1618 Arcades
403 1588 536 1629 itemque
548 1588 669 1620 Pisatae.
713 1589 827 1620 Filium
839 1594 944 1620 autem
961 1589 1082 1620 Actoris
1096 1589 1286 1629 Higinaeque

251 1639 443 1669 Menoetium
468 1639 601 1669 maxime
623 1640 781 1670 honoravit
805 1640 883 1670 inter
905 1640 1045 1670 advenas.
1091 1638 1186 1680 Cujus
1204 1639 1289 1670 filius>

252 1701 324 1719 cum
354 1690 468 1720 Atridis
494 1691 524 1720 in
549 1690 747 1722 'l‘euthrantis
778 1692 875 1722 solum
908 1692 1074 1732 profectus,
1099 1690 1184 1721 stetit
1211 1701 1285 1721 cum

251 1740 371 1771 Achille
387 1741 480 1777 solus,
497 1751 567 1770 cum
585 1746 722 1772 strenuos
733 1742 857 1772 Danaos
874 1743 905 1772 in
919 1744 1022 1782 fugam
1039 1752 1139 1771 versos
1151 1741 1283 1772 marinas

251 1791 282 1821 in
311 1802 429 1832 puppes
458 1790 614 1832 Telephus
640 1793 848 1833 compulisset,
866 1797 898 1822 ut
917 1792 1072 1833 specimen
1089 1791 1184 1830 daret,
1203 1791 1283 1822 unde

251 1843 381 1882 prudens
411 1842 539 1882 quisque
566 1847 763 1883 cognosceret
789 1842 920 1873 Patrocli
937 1844 1045 1873 fortem
1063 1843 1219 1873 animum:
1244 1853 1283 1872 ex

190 1914 194 1924 ‚
216 1907 237 1926 -;,
250 1903 310 1933 quo
325 1892 465 1922 Thetidis
488 1893 584 1933 proles
601 1893 771 1933 periculoso
787 1894 872 1924 illum
892 1894 921 1923 in
940 1894 1019 1923 bello
1035 1912 1078 1916 -—
1092 1894 1227 1933 rogabat,
1244 1903 1282 1922 ne

252 1954 396 1984 umquam
421 1955 438 1974 a
460 1954 513 1973 sua
529 1955 664 1974 seorsum
691 1944 1152 1975 mortalium-doniitrice-hasta
1168 1944 1197 1974 in
1216 1943 1287 1974 acie?

250 1999 352 2024 staret.
389 1994 501 2025 Essem
516 1996 677 2033 facundus,
695 2001 728 2026 ut
740 1996 932 2036 procederem
949 2000 1054 2026 vectus
1071 1995 1103 2026 in
1120 1995 1280 2025 Musarum

251 2055 351 2081 curru,
364 2045 551 2086 audaciaque
564 2051 594 2076 et
610 2047 712 2086 ampla
724 2048 853 2077 facultas
865 2047 939 2077 mihi
950 2047 1076 2077 adesset.
1115 2046 1282 2076 Enimvero

250 2096 289 2125 ob
299 2095 421 2136 hospitii
433 2096 688 2128 necessitudinem
702 2098 905 2138 virtutemque
920 2098 988 2128 veni
999 2098 1135 2128 laudator
1144 2097 1287 2127 Isthmiis-

249 2146 491 2177 Lambromachi
510 2149 639 2187 coronis,
656 2148 728 2179 dum
747 2150 837 2180 ambo
856 2149 919 2189 (ille
936 2154 965 2180 et
982 2147 1216 2189 Epharmostos)
1235 2148 1281 2177 vi-
