1439 2437
403 138 631 170 CARMEN
657 138 696 169 V.
1078 138 1113 165 9¹

68 239 166 266 carus,
183 226 348 266 Heboeque
376 226 503 256 maritus
519 230 579 265 est,
596 233 754 255 aurearum
780 222 892 254 aedium
912 221 1069 258 dominus,
1085 225 1116 250 ct

69 291 162 322 gener
176 277 320 310 Junonis.
334 297 377 301 —
395 277 454 308 Cui
470 277 595 318 quidem
612 276 754 306 Electras
765 285 857 315 supra
873 279 975 315 portas
985 274 1114 314 epulum

70 331 250 362 adornantes
278 339 334 360 nos
351 329 432 360 cives
448 334 478 359 et
494 331 736 360 recens-structa
752 330 970 357 coronamenta
986 336 1117 362 ararum,

71 383 257 414 celebramus
272 380 393 412 inferias
406 390 634 412 aere-caesorum
651 382 721 408 octo
738 382 940 415 mortuorum,
953 388 1029 418 quos
1045 376 1118 408 Me-

71 444 141 475 gara
158 432 275 474 peperit
290 433 319 463 ei
337 432 480 463 Creontis
497 431 559 462 filia
585 430 675 468 filios,
691 440 823 471 quorum
841 429 873 459 iu
887 429 1035 459 bonorem
1061 429 1119 460 sub

73 494 218 516 occasum
236 484 391 515 radiorum
409 484 482 515 solis
499 483 623 514 flamma
639 492 770 513 accensa.
785 481 932 511 continue
948 484 1119 522 pernoctat,

75 536 221 568 aetherem
239 536 400 567 nidorifero
415 536 525 567 feriens
552 536 660 566 fumo:
678 553 719 558 -—
743 538 773 564 ct
789 534 882 564 altera
897 533 960 564 dies
976 532 1118 564 anniver-
1134 533 1245 564 Epnd.4.

77 588 223 619 sariorum
240 588 389 618 terminus
402 586 606 619 certaminum
617 590 674 624 est,
688 585 804 616 roboris
814 586 1025 626 spectaculum
1038 596 1047 623 ;
1065 583 1118 615 ubi
1149 569 1203 591 1¹4‘

77 639 235 670 dealbatus
251 644 343 680 caput
360 638 464 680 myrtis
481 638 529 670 hic
546 637 696 668 Melissus
705 636 860 677 duplicem
875 636 1034 668 victoriam
1052 636 1117 667 edi-

77 690 132 728 dit,
150 701 312 732 puerorum
330 691 448 721 tertiam
460 696 549 721 autea
563 689 740 729 (ediderat),
757 688 968 729 gubernatoris
979 689 1118 719 clarum-

78 743 223 773 versantis
237 742 365 773 consilio
375 743 539 772 obsecutus
556 739 800 782 prudentissimi.
847 738 928 770 Cum
945 739 1045 771 Orsea
1060 739 1118 780 igi-

80 798 131 824 tur
145 794 246 835 ipsum
265 793 565 835 celebrojucuxidaxn
584 792 739 823 destillans
756 791 889 823 laudem.

1131 267 1185 288 Ant.
1198 269 1220 289 4.

1148 301 1203 322 104.

466 1029 651 1065 lS'rflM.
685 1031 724 1067 V.

173 1126 594 1169 PHYLACIDAE
627 1128 682 1168 ΣΕ
700 1128 821 1169 GlN
839 1130 871 1170 E
889 1130 1004 1177 TAE,

455 1246 735 1275 PANCRA‘rro.

79 1345 114 1384 (ἶ
134 1364 247 1387 MATER
263 1354 344 1384 Solis
360 1355 566 1393 celeberrima,
581 1353 673 1392 Thia,
691 1365 744 1396 per
759 1359 789 1385 te
805 1360 836 1385 et
859 1360 1035 1397 praepotens
1059 1367 1114 1387 ex·
1126 1361 1172 1385 Str.
1187 1366 1207 1385 1.

77 1409 217 1440 istimaut
232 1416 340 1436 aurum
358 1405 498 1436 homiues
515 1417 578 1447 prae
595 1405 734 1444 caeteris3
758 1410 789 1436 et
806 1411 959 1445 certantes,
973 1418 1064 1439 naves
1081 1408 1114 1438 in

78 1459 153 1491 mari
168 1463 198 1488 et
212 1456 403 1498 quadrigales
419 1456 489 1497 equi
514 1461 638 1502 propter
655 1462 759 1496 tuum,
784 1468 802 1488 o
826 1457 893 1498 dea,
919 1459 1112 1499 splendorem

78 1509 263 1541 volubilibus
278 1507 308 1538 in
326 1508 439 1548 pugnis
454 1507 622 1539 admirandi
645 1508 800 1547 existunt3
824 1528 868 1532 —
889 1515 920 1540 et
937 1514 1005 1551 (per
1020 1513 1065 1549 te)
1082 1511 1114 1541 in
1127 1513 1184 1536 Am-
1195 1514 1218 1536 9·

77 1560 204 1592 ludicris
220 1558 440 1590 certaminibus
464 1559 627 1590 amabilem
641 1560 770 1599 gloriam
782 1561 921 1601 acquirit,
942 1561 1115 1603 cuicunque

76 1613 188 1644 multae
208 1620 330 1640 coi-ome
343 1609 542 1640 redimierunt
555 1620 690 1648 comam,
702 1611 844 1642 manibus
855 1612 1010 1644 victoriam
1022 1613 1116 1656 adep-

76 1668 110 1694 to
126 1667 179 1693 aut
197 1660 356 1691 velocitate
383 1661 508 1701 pedum.
553 1660 716 1702 Spectatur
737 1672 807 1693 vero
829 1662 923 1694 virtus
939 1664 1115 1704 hominum‘,

76 1713 204 1745 deorum
232 1721 301 1752 ope.
346 1711 421 1742 Duo
449 1722 520 1742 vero
543 1711 615 1743 vitae
632 1712 736 1743 florem
753 1713 879 1752 (vitam)
903 1716 967 1746 sola
982 1722 1115 1757 pascunt

77 1767 217 1805 (ornant)
233 1762 447 1794 suavissimum
464 1763 590 1793 florente
612 1762 777 1795 felicitate:
800 1783 845 1787 —
866 1765 890 1795 si
907 1766 974 1807 quis
990 1778 1021 1798 re
1037 1768 1115 1798 bene
1130 1776 1175 1807 Ep.
1186 1779 1225 1806 172

77 1820 162 1857 gesta
174 1817 252 1846 bene
275 1815 389 1846 audiat.
434 1814 484 1845 Ne
508 1815 618 1845 frustra
642 1826 746 1856 quaere
761 1815 885 1857 Jupiter
901 1817 985 1849 fieri:
1010 1819 1115 1850 onmia

77 1867 180 1905 habes,
197 1868 221 1898 si
237 1866 274 1898 ad
291 1872 320 1897 te
344 1866 453 1897 horum
476 1877 538 1897 sors
566 1867 735 1908 pervenerit
762 1869 926 1900 bonorum.
973 1869 1117 1901 Mortalia

78 1919 219 1950 mortales
233 1918 354 1950 decent.
398 1917 470 1948 Tibi
484 1922 589 1949 autem
605 1918 637 1948 in
654 1917 774 1950 Isthmo
789 1920 904 1962 duplex
920 1922 1030 1953 florens
1052 1921 1117 1952 vic-

77 1969 166 2008 toria,
180 1980 199 2000 o
214 1969 389 2011 Phylacida,
404 1969 536 2011 reposita
550 1975 597 2001 est
606 1981 617 2009 ς
640 1970 771 2003 Nemeae
786 1982 857 2003 vero
872 1974 965 2004 etiam
984 1975 1117 2016 utrique,

79 2020 369 2063 (tibi)Pytheaeque‚
385 2021 545 2062 pancratii.
569 2021 613 2052 At
625 2032 731 2054 meum
745 2033 806 2054 non
822 2023 888 2055 sine
897 2024 1036 2057 AEacidis
1045 2037 1117 2068 pec-

83 2076 132 2104 tus
148 2072 277 2113 hymnos
290 2077 398 2105 tractat
407 2084 417 2114 3
444 2083 577 2115 cumque
594 2073 782 2106 carminibus
801 2075 906 2116 (etiam
923 2080 1023 2117 nunc)
1049 2081 1118 2112 veni
