1439 2437
269 216 310 241 50
679 213 899 246 PYTHIA.

183 353 226 375 Str.
239 355 261 376 3.

204 386 245 408 59.

275 297 481 329 subindicavit
495 299 664 340 praevidens
681 300 718 331 ad
734 301 916 342 septiportes
932 299 1054 330 Thebas
1071 299 1150 331 filios
1173 305 1316 331 coustan-

276 354 321 380 ter
335 354 475 389 urgentes
492 351 619 390 bellum,
634 371 678 376 —-
694 362 790 392 quum
806 351 896 391 Argis
913 351 1023 382 iterum
1037 352 1087 392 (ad
1098 352 1318 392 oppugnandas

276 402 411 441 Thebas)
438 401 593 433 venissent
615 402 764 444 Epigoni.
810 403 863 433 Sic
879 409 982 434 autem
1007 403 1102 435 dixit:
1126 404 1158 435 in
1175 414 1318 445 pugnan-

276 452 359 483 tibus
375 457 482 484 natura
495 464 659 494 generosus
675 453 821 484 elucescit
830 458 950 494 patrum
965 454 996 484 in
1011 454 1079 485 filiis
1098 455 1227 486 animus.
1264 454 1318 484 In-

278 509 366 535 tueor
380 509 481 545 aperte
497 505 679 535 Alcmanem
696 504 857 535 draconem
876 504 990 535 varium
1016 516 1141 536 corusco
1165 506 1197 536 in
1220 506 1319 546 clipeo

278 560 461 594 versantem,
480 556 626 596 (clipeum
653 555 808 586 maculoso
835 556 965 586 dracone
990 555 1154 596 insignem)
1184 556 1318 597 primum

279 606 371 646 (inter
385 606 498 647 primos
515 608 718 646 pugnantem)
737 606 774 636 ad
791 606 899 636 Cadmi
911 610 1021 646 portas.
1045 626 1089 630 —
1113 607 1166 645 At,
1177 607 1312 637 afflictus

277 656 367 697 priori
394 657 490 694 clade,
508 668 591 687 nunc
611 657 655 698 (in
671 656 885 698 Epigonorum
904 658 996 696 bello)
1021 658 1172 688 faustioris
1198 662 1318 688 tenetur

276 707 395 747 augurii
412 707 521 738 nuntio
537 708 683 738 Adrastus
700 708 806 738 heros:
830 709 888 739 etsi
900 709 1069 739 domestica
1079 710 1202 740 adversa.
1221 710 1317 739 sortu-

277 769 316 789 na
333 763 446 789 utetur.
491 759 582 789 Solus
598 759 680 789 enim
695 770 711 789 e
727 759 908 790 Danaorum
934 761 1082 800 exercitu,
1099 761 1249 790 interfecti
1270 771 1319 790 os-

278 811 362 840 sibus
378 810 513 841 collectis
528 809 593 848 filii,
611 809 782 850 (AEgialei‚)
800 810 928 841 numine
944 811 1071 841 deorum
1087 811 1197 842 redibit
1225 822 1311 842 exer*

194 879 198 884 ·
242 861 342 893 ..citu
359 871 431 891 eum
448 860 597 891 ineolumi
611 879 655 883 —
671 861 708 890 ad
732 861 863 891 Abantis
889 861 1035 902 spatiosos
1061 862 1143 893 vicos
1172 863 1312 903 (Argos).

241 921 247 927 ·
277 912 366 942 Talia
380 911 504 953 quidem
521 912 615 942 edixit
628 911 842 952 Amphiaraus.
887 912 1027 942 Laetatus
1043 923 1112 943 vero
1123 918 1152 943 et
1163 913 1226 954 ipse
1237 914 1312 943 Alc-

280 974 403 993 manem
421 963 540 993 coronis
557 967 628 1004 peto
644 974 832 1004 aspergoque
857 963 990 1003 hymno3
1015 963 1136 994 vicinus
1161 963 1314 1004 siquidem

278 1019 309 1044 ct
323 1014 552 1055 posscssionum
569 1025 705 1044 mearum
724 1019 826 1045 custos
842 1014 949 1044 obvius
966 1020 1012 1045 est
1028 1016 1127 1045 factus
1144 1015 1231 1045 eunti
1244 1014 1319 1045 mihi

279 1068 316 1098 ad
333 1072 420 1097 terrae
437 1065 621 1096 umbilicum
638 1065 871 1096 celeberrimum
888 1066 1089 1106 vaticiniaque
1103 1066 1204 1106 attigit
1222 1066 1318 1106 (vita-

258 1150 263 1155 ,
280 1119 400 1149 cinatus
414 1117 490 1147 mihi
503 1118 561 1155 est)
578 1116 743 1157 congenita
754 1122 827 1147 arte.
844 1136 886 1139 —
910 1116 960 1148 Tu
978 1128 1056 1155 vero,
1073 1116 1322 1158 longejaeulans,

242 1182 248 1188 ·
279 1171 333 1212 qui
349 1168 793 1209 omnes-recipiens-templum
813 1169 930 1199 celebre
957 1169 1110 1209 gubernas
1127 1168 1275 1208 Pythonis
1289 1168 1321 1198 in

281 1221 422 1259 vallibus,
437 1220 604 1250 maximam
621 1219 744 1260 quidem
762 1219 804 1249 ibi
822 1219 1015 1250 victoriarum
1034 1219 1214 1260 praebuisti3
1237 1220 1321 1250 domi

286 1283 356 1303 vero
371 1276 460 1302 antea
476 1270 801 1311 avide-apprehensam
816 1270 1002 1311 quinquertii
1016 1270 1173 1300 victoriam
1187 1270 1219 1300 in
1234 1270 1319 1300 sestis

186 1319 234 1341 ΑΜ
246 1320 271 1341 4.
286 1325 346 1355 tuis
362 1322 530 1364 praebuisti,
546 1333 565 1352 o
580 1333 644 1352 rex.
690 1321 825 1362 Propitio
837 1327 951 1360 autem,
968 1332 1085 1363 precor,
1102 1321 1257 1351 animo—
1267 1321 1321 1351 ad—

212 1352 253 1374 97.

164 1585 232 1616 Epod
243 1588 270 1610 4,

199 1623 251 1643 100.

284 1376 396 1416 spicias
412 1375 482 1412 hoe,
499 1384 561 1414 quo
577 1373 697 1414 singula
714 1373 771 1403 ista
787 1384 917 1414 pererro,
927 1383 1061 1403 carmen.
1107 1372 1237 1413 Hymno
1252 1373 1321 1413 qui-

282 1427 354 1457 dem
371 1425 529 1457 dulcisono
552 1424 670 1454 Veritas
686 1425 795 1455 adstat.
841 1425 982 1455 Deorum
1005 1428 1107 1454 autem
1132 1434 1235 1453 curam
1259 1424 1321 1454 im-

283 1478 443 1508 mortalem
469 1486 602 1516 exposco
625 1487 644 1505 ο
669 1476 836 1514 Xenaroes,
862 1481 970 1506 vestrae
1001 1476 1144 1505 fortunae.
1190 1474 1224 1504 Si
1253 1474 1322 1515 quis

283 1529 365 1559 enim
383 1530 464 1559 bona
479 1527 678 1567 consequitur
695 1538 756 1557 non
774 1538 846 1558 cum
864 1537 978 1566 magno
996 1526 1109 1563 labore,
1128 1525 1233 1555 multis
1248 1526 1321 1566 qui-

284 1581 354 1611 dem
368 1578 591 1620 imperitiorum
615 1577 734 1608 videtur
756 1577 876 1618 sapiens
899 1578 949 1607 ille
972 1585 1016 1598 ——·—
1038 1587 1111 1616 opes
1134 1575 1322 1616 amplificare

284 1631 479 1662 consiliorum
505 1628 679 1670 prudentia.
726 1629 895 1660 Enimvero
913 1639 973 1659 non
991 1627 1059 1658 haec
1074 1637 1167 1668 penes
1183 1626 1323 1657 homines

284 1687 367 1720 sunt,
384 1682 436 1711 scd
451 1682 525 1711 deus
549 1681 684 1721 praebct3
710 1681 781 1710 alias
805 1681 898 1710 alium
916 1690 1037 1710 sursum
1061 1679 1214 1716 attollens,
1229 1679 1322 1708 alium

285 1735 388 1765 subter
405 1744 552 1764 manuum
570 1733 790 1763 libramentum
808 1731 962 1773 deprimit.
1008 1730 1058 1760 Tu
1074 1741 1154 1767 vero,
1168 1735 1198 1760 et
1212 1730 1322 1769 Mega-

286 1786 325 1816 ris
337 1784 495 1826 reportasti
509 1783 666 1814 vietoriam
677 1793 856 1823 recessuque
870 1783 901 1812 in
915 1780 1118 1818 Marathonis,
1128 1780 1322 1820 Junonisque

286 1837 318 1867 in
333 1834 498 1866 certamine
514 1834 610 1875 patrio
628 1834 759 1864 victoriis
770 1833 953 1875 triplicibus,
963 1844 982 1862 o
993 1832 1214 1869 Aristomenes,
1225 1831 1323 1861 vicisti

250 1891 272 1912 Γ»
287 1886 482 1924 fortitudine3
506 1905 550 1908 ——
572 1890 761 1926 quatuorque
775 1885 886 1916 irruisti
900 1884 1069 1925 desuperin
1086 1894 1224 1924 corpora,
1242 1883 1323 1913 mala

250 1940 255 1945 '
287 1938 458 1975 meditans;
483 1937 592 1977 quibus
611 1948 708 1977 neque
725 1936 839 1966 reditus
855 1935 966 1977 pariter
981 1934 1140 1976 jucundus
1157 1934 1188 1964 in
1206 1933 1322 1973 Pythiis

286 1989 420 2019 redditus
436 1993 490 2025 est,
509 1999 606 2028 neque
624 1987 748 2018 reversis
761 1987 841 2028 apud
856 1991 984 2016 matrem
1000 1985 1077 2016 risus
1091 1984 1189 2015 dulcis
1206 1984 1322 2013 excita-

285 2039 329 2069 vit
342 2039 508 2078 gaudinum
533 2039 584 2069 sed
602 2049 654 2080 per
670 2038 857 2078 angiportus,
874 2036 1056 2067 adversarios
1073 2034 1217 2066 subveriti
1228 2034 1322 2075 trepi-

181 2091 236 2113 Aue.
251 2092 272 2112 ⁵·
286 2091 371 2128 dant,
388 2090 560 2120 calamitate
577 2089 715 2119 sauciati.
739 2108 782 2111 ——
806 2088 868 2121 Qui
886 2098 955 2118 vero
972 2087 1064 2117 decus
1079 2085 1199 2126 aliquod
1217 2096 1321 2116 reeens

217 2124 270 2145 1⁴26,

288 2145 393 2172 nactus
410 2145 465 2180 cst,
488 2151 631 2181 magnam
649 2141 688 2170 ob
706 2139 880 2170 felicitatem
901 2139 994 2179 (quw)
1021 2149 1057 2168 ex
1083 2141 1152 2167 voto
1172 2136 1317 2177 (obtigit)
