1439 2437
304 179 345 206 44
702 174 926 207 PYTHIA.

302 260 419 302 justam
447 261 605 302 (rationem
629 266 661 292 et
682 261 774 301 viam)
799 259 980 301 Demophili
1002 259 1123 290 mentis.
1168 259 1225 291 Ille
1247 258 1330 288 enim

307 313 387 343 inter
402 323 510 353 pueros
521 311 655 353 juvenis,
671 312 701 342 in
718 311 850 342 consiliis
864 322 933 342 vero
949 321 1052 349 senex,
1069 309 1155 352 quasi
1177 312 1332 340 assecutus

311 368 494 394 centennem
520 363 624 393 vitam.
671 362 771 393 Privat
796 362 1040 393 maledicentiam
1067 361 1225 403 splendida
1249 369 1335 396 voce,

185 424 242 447 Am.
260 423 298 445 13.
311 414 477 454 didicitque
498 413 677 454 injuriosum
699 413 797 444 odisse
812 432 855 435 —
871 424 933 443 non
950 413 1138 444 contendens
1155 417 1260 443 contra
1282 412 1337 441 bo-

228 456 283 477 507.

313 476 379 503 nos,
393 475 491 505 neque
506 465 727 505 procrastinans
742 475 807 495 rem
823 465 916 495 ullam
928 476 936 502 3
955 463 1199 505 quandoquidem
1217 467 1338 503 tempus

313 520 522 556 opportunum
539 516 618 546 inter
639 516 779 546 homines
796 516 885 546 breve
900 516 1033 556 spatium
1051 515 1141 545 habet
1157 517 1244 557 (mox
1259 524 1339 555 prae-

315 566 396 605 terit)
411 578 418 601 ;
445 565 494 597 ille
510 577 579 597 vero
596 568 673 597 bene
689 567 719 597 id
737 567 832 603 novit,
850 567 1075 608 comitaturque
1091 577 1163 597 eum
1183 567 1340 606 (opportu-

316 617 407 657 nitas)
427 618 542 648 famula
567 629 627 648 non
652 622 794 658 tanquam
819 618 956 658 fugitiva.
1001 618 1100 649 Aiunt
1121 628 1190 648 vero
1205 627 1268 647 esse
1284 616 1343 646 hoc

318 668 582 706 molestissimum,
599 680 686 699 nosse
700 669 827 699 honesta
846 670 1006 709 (bonorum
1023 679 1147 699 sensum
1164 668 1299 708 habere),
1315 671 1347 697 at

319 731 357 750 ex
374 719 553 750 necessitate
569 723 653 750 extra
668 730 703 750 ea
718 719 828 750 habere
843 720 950 760 pedem
980 720 1028 760 (iis
1053 721 1177 758 carere).
1221 718 1264 749 Et
1279 728 1351 749 sane

319 771 370 801 ille
386 773 546 810 (tanquam
564 770 649 810 alter)
668 771 754 801 Atlas
767 781 837 801 cum
855 772 935 801 coelo
954 771 1008 811 (ita
1024 771 1087 812 ipse
1102 781 1172 800 cum
1191 768 1350 806 aerumnis)

322 821 504 851 colluctatur
520 831 602 851 nunc
619 822 725 861 procul
747 822 845 861 patria
860 832 878 851 a
893 822 1010 858 tellure,
1027 827 1057 852 et
1073 833 1091 853 a
1111 820 1353 861 possessionibus

324 873 395 902 suis.
441 871 540 901 Solvit
565 876 667 904 tamen
686 872 811 913 Jupiter
832 873 1013 904 immortalis
1034 873 1126 903 etiam
1152 872 1299 903 Titanas:
1324 875 1355 901 et

208 927 308 970 E¹''.¹3'
322 927 459 963 tempore
470 922 654 953 mutationes
670 923 792 962 (fiunt),
803 928 939 954 cessante
955 928 1108 962 vento,—
1119 924 1266 953 velorum.
1299 922 1360 953 Sed

238 961 294 982 511.

245 1851 326 1874 sti-..L
340 1834 499 1876 DrviTIAE
523 1853 667 1883 magnam
683 1842 744 1873 vim
768 1842 891 1881 habent,
908 1853 1004 1884 quum
1026 1843 1092 1884 quis
1108 1844 1243 1874 mortalis
1259 1843 1367 1875 virtute
1415 1853 1416 1857 ¹

340 1899 523 1938 temperatas
539 1894 728 1931 intemerata,
747 1894 869 1923 fortuna
886 1894 1032 1932 tradente,
1050 1894 1159 1924 habeat
1179 1905 1228 1925 eas
1253 1895 1369 1924 multo·
1414 1909 1415 1931 ς

324 977 423 1014 optat,
441 973 612 1013 pernicioso
639 975 745 1004 morbo
770 975 926 1003 exantlato
951 975 1083 1010 (exilio),
1097 972 1218 1003 tandem
1233 973 1361 1004 domum

324 1023 443 1061 videre3
468 1023 505 1053 ad
528 1024 740 1062 Apollinisquc
763 1024 881 1052 fontem
908 1022 1047 1053 convivia
1070 1024 1264 1064 frequentans
1289 1023 1355 1054 ani-

328 1085 415 1106 mum
439 1073 553 1103 tradere
573 1072 704 1113 juvenili
732 1072 896 1111 hilaritati3
928 1084 1072 1115 saepeque
1100 1074 1179 1104 inter
1205 1074 1357 1115 sapientes

329 1126 409 1156 cives
426 1125 667 1155 affabre—factam
685 1123 830 1154 citharam
843 1129 976 1164 gestans,
993 1125 1024 1156 in
1039 1126 1101 1156 otio
1110 1125 1214 1166 quieto
1226 1126 1357 1166 pulsare,

328 1188 387 1208 nec
403 1186 474 1207 sane
492 1175 602 1215 cuique
625 1174 774 1205 damnum
791 1175 933 1212 inferens,
951 1187 1008 1206 nec
1030 1177 1148 1217 patiens
1170 1177 1234 1217 ipse
1249 1187 1266 1207 a
1282 1176 1357 1207 civi-

329 1229 386 1259 bus
412 1227 589 1268 quicquam.
634 1226 735 1266 Atque
761 1231 827 1256 tum
859 1227 1033 1266 narraverit,
1058 1229 1178 1268 qualem
1203 1228 1359 1259 Arcesilae

331 1279 480 1310 invenerit
497 1278 612 1308 fontem
630 1278 841 1318 praeclararum
866 1277 991 1309 laudum
1009 1289 1132 1317 novum,
1150 1279 1264 1310 Thebis
1287 1279 1359 1310 hos-

331 1331 407 1372 pitio
424 1337 578 1371 exceptuS.

749 1541 905 1578 PYTH.
932 1542 974 1576 V.

453 1633 576 1673 ARC
595 1633 628 1672 E
647 1631 713 1672 Sl
732 1633 869 1673 LAO
903 1633 1254 1679 CYRENAE0‚

763 1744 940 1774 CURRU.

340 1943 838 1981 rum-amicorum-conciliatrices
864 1945 1003 1975 comites.
1049 1945 1078 1975 O
1102 1946 1187 1975 beate
1211 1945 1368 1983 Arcesilae,

342 2007 375 2031 tu
394 1998 509 2038 utiquc,
526 1997 562 2026 ab
580 1995 692 2026 inclitae
711 1994 808 2025 {etatis
826 1995 930 2035 primis
942 1995 1083 2036 gradibus
1100 2006 1203 2037 usque,
1218 2007 1286 2026 cum
1304 1997 1371 2036 glo·

342 2052 387 2083 ria
401 2061 451 2080 eas
467 2054 562 2085 tenes,
579 2047 734 2076 voluntate
757 2047 1051 2077 aureo-curru-vecti
1069 2046 1211 2086 Castoris,
1228 2047 1370 2078 serenita-

345 2107 407 2133 tem
431 2100 483 2142 qui
499 2103 566 2140 post
582 2097 739 2128 hibernam
756 2098 918 2138 procellam
935 2098 966 2128 in
989 2101 1043 2129 tua
1067 2099 1182 2139 fulgere
1198 2098 1269 2130 facit
1285 2099 1371 2129 beata
1412 2097 1413 2102 ¹
