1439 2437
285 215 325 242 98
680 210 933 242 ISTHMIA.

284 296 376 328 Peleo
385 295 523 327 divinum
532 295 697 326 concedere
708 296 881 337 nuptiarum
894 294 1034 326 AEacidae
1044 295 1317 337 praemium‚quem

161 354 232 377 Dicor.
246 356 269 377 5.
283 346 546 388 religiosissimum
565 347 651 378 aiunt
665 346 741 378 Iolci
765 348 843 377 alere
867 347 978 377 solum.
1000 365 1043 369 —
1066 346 1149 378 Eant
1162 351 1263 377 autem
1280 346 1318 377 ad

195 389 232 410 3⁹¹
282 398 421 430 divinum
438 402 561 428 antrum
580 397 722 429 Chironis
738 402 820 429 recta
841 398 945 428 statim
962 398 1083 436 nuntii;
1108 408 1205 439 neque
1221 398 1317 428 Nerei

282 450 345 482 filia
369 450 606 481 contentionum
633 451 705 480 folia
743 449 922 491 (sententias
946 450 1173 491 discrepantes:
1197 449 1318 480 rixandi

281 502 361 533 inter
377 512 432 532 nos
448 501 520 532 deos
536 501 711 541 materiem)
726 502 836 533 iterum
853 502 989 542 praebeat
1005 501 1092 532 nobis
1104 513 1113 540 ;
1138 500 1316 543 plenilunii-

280 564 341 595 que
356 562 482 593 vespera
496 552 628 583 amabile
645 553 743 583 solvat
769 553 847 592 (illa)
865 553 997 584 fraenum
1014 553 1071 583 sub
1086 553 1176 583 heroe
1193 551 1318 592 virgini-

281 605 364 636 tatis.
410 604 463 635 Sic
483 604 560 634 dixit
589 603 739 635 Saturniis
763 604 867 634 locuta
881 604 948 635 dea.
993 603 1043 634 Illi
1065 614 1134 634 vero
1151 602 1320 644 superciliis

284 660 458 686 annuerunt
486 655 728 686 immortalibus:
761 656 984 696 verborumque
1004 654 1093 696 (ejus)
1112 655 1229 686 fructus
1252 666 1316 686 non

280 707 380 749 periit.
427 707 525 738 Aiunt
541 707 624 737 enim
641 717 844 737 una-curasse
859 711 890 737 et
915 707 1037 748 nuptias
1053 706 1195 737 Thetidis
1213 717 1316 747 regem

283 758 421 797 (Jovem)
435 769 443 796 ;
476 762 507 788 et
523 757 695 798 juvenilem
723 758 911 788 illustrarunt
941 762 1099 798 poetarum
1131 768 1183 788 ora
1205 757 1319 798 ignaris

280 810 427 841 virtutem
441 809 590 840 Achillis:
614 808 668 850 qui
689 812 719 839 et
735 808 872 849 Mysium
889 808 1043 839 vitiferum
1060 808 1240 846 cruentavit,
1257 809 1320 840 Te-

155 876 260 900 Diaeus.
281 862 369 903 lephi
400 866 465 892 atro
490 861 674 902 adspergens
700 870 817 899 cruore,
842 870 1006 901 campum3
1030 880 1073 883 —
1096 864 1127 890 et
1149 862 1320 892 construxit

182 912 231 931 ¹¹¹·
281 913 397 944 Atridis
414 912 560 950 reditum,
574 912 795 952 Helenamque
806 910 946 949 redemit,
962 910 1111 952 Trojanos
1125 923 1232 943 nervos
1246 914 1318 953 (for-

281 965 415 996 tissimos
428 964 631 1006 Trojanorum
650 964 771 1001 heroes)
789 972 859 993 cum
883 963 1044 994 excidisset
1056 955 1163 1002 hasta,
1177 965 1230 1005 qui
1244 976 1317 996 eum

280 1020 447 1047 averterant
465 1025 688 1056 nonnunquam
702 1026 719 1045 a
733 1024 837 1056 pugna
861 1014 1016 1045 homicida
1035 1016 1183 1056 proelium
1207 1027 1319 1057 campo

279 1067 472 1106 molientem,
496 1066 739 1107 Memnonisque
763 1067 854 1097 robur
882 1067 1116 1107 (Memnonem)
1141 1068 1319 1109 superbum,

279 1119 513 1159 Hectoremque
529 1117 663 1158 aliosque
679 1118 844 1159 principeS,
861 1118 973 1158 quibus
984 1118 1112 1149 domum
1125 1118 1316 1160 Proserpinae

280 1174 453 1201 monstrans
463 1168 612 1207 Achilles,
627 1168 769 1210 princeps
780 1168 991 1208 AEacidarum,
1006 1169 1154 1209 AEginam
1171 1180 1320 1210 suamque

280 1221 406 1262 stirpem
435 1220 606 1251 illustravit.
650 1219 753 1253 Quem
778 1231 816 1251 ne
844 1225 1001 1252 mortuum
1029 1220 1153 1261 quidem
1183 1221 1319 1252 carmina

281 1272 505 1310 destituerunt;
529 1271 582 1302 sed
593 1270 683 1313 juxta
695 1271 763 1313 ejus
772 1282 882 1313 rogum
892 1273 1127 1313 sepulcrumque
1144 1271 1319 1303 Heliconiae

280 1323 412 1363 virgines
427 1327 590 1361 steterunt,
607 1324 924 1364 lamentationemque
952 1324 1102 1354 celebrem
1130 1324 1318 1355 affuderunt.

280 1373 400 1405 Placuit
410 1374 557 1405 nimirum
569 1374 811 1412 Immortalibus,
822 1375 931 1405 fortem
942 1375 1039 1405 virum
1054 1374 1146 1405 etiam
1159 1380 1317 1407 mortuum

157 1425 402 1465 mmdffihymnis
430 1425 556 1456 dearum
579 1425 705 1456 tradere.
729 1444 773 1447 —
795 1425 886 1458 Quod
911 1430 941 1455 et
958 1436 1039 1455 nunc
1059 1426 1151 1456 habet
1166 1427 1317 1457 rationem

182 1475 234 1495 ¹35³*
282 1480 358 1515 (non
376 1475 478 1506 minus
502 1476 594 1516 valet)
609 1487 617 1506 ε
642 1481 844 1517 properatque
861 1476 1023 1507 Musarum
1042 1487 1147 1507 currus
1163 1477 1200 1507 ad
1218 1477 1318 1508 Nico-

280 1527 334 1557 clis
352 1531 591 1557 monumentum
605 1527 719 1567 pugilis
735 1527 921 1566 canendum,
939 1527 1213 1569 honorandumque
1235 1541 1319 1569 eum,

279 1578 331 1619 qui
354 1577 534 1608 Isthmicam
564 1578 734 1618 (coronam)
754 1589 770 1608 e
786 1578 910 1609 Dorieis
924 1583 1032 1609 nactus
1052 1584 1098 1610 est
1111 1580 1187 1621 apiis
1198 1592 1207 1619 3
1231 1586 1318 1623 post-

281 1640 375 1670 quam
393 1627 541 1658 finitimos
556 1628 667 1659 vicerat
690 1629 763 1659 olim
782 1629 862 1659 idem
879 1629 929 1659 ille
946 1629 1023 1660 viros
1039 1630 1205 1662 inevitabili
1223 1643 1319 1664 manu

282 1680 470 1711 convellens.
508 1678 593 1709 Eum
610 1679 734 1720 quidem
746 1691 809 1710 non
819 1680 979 1712 dedecorat
997 1682 1101 1712 eximii
1118 1683 1318 1725 filiusf'patrui

284 1730 473 1771 (Cleander).
518 1729 703 1770 AEqualium
718 1731 829 1772 aliquis
852 1732 1043 1773 splendidam
1069 1734 1107 1764 ob
1124 1736 1315 1775 pancratium

281 1781 433 1812 Cleandro
458 1785 562 1812 nectat
585 1781 675 1821 myrti
699 1792 862 1813 coronam:
893 1783 918 1813 si
936 1784 1060 1824 quidem
1077 1796 1148 1816 eum
1172 1786 1317 1819 Alcathoi

282 1838 438 1863 certamen
455 1842 527 1863 cum
545 1832 670 1863 victoria
689 1833 732 1873 (h.
748 1834 909 1874 victorem)
926 1835 1019 1876 inque
1035 1836 1192 1877 Epidauro
1203 1839 1317 1880 juven-

282 1889 331 1914 tus
347 1889 437 1914 antea
452 1884 584 1924 excepit.
630 1883 715 1914 Eum
732 1885 856 1916 laudare
872 1886 935 1916 viro
952 1888 1032 1918 bono
1048 1888 1137 1919 facile
1153 1895 1210 1921 est.
1251 1891 1316 1922 Ju-

283 1940 442 1966 ventutem
459 1936 542 1966 enim
558 1945 619 1966 non
632 1940 786 1976 expertem
807 1938 863 1967 sub
879 1937 1006 1969 latibulo
1019 1941 1232 1980 praeclarorum
1243 1942 1318 1973 faci-

283 1996 392 2017 norum
405 1987 586 2018 consumsit.
