1439 2437
461 202 690 234 CARMEN
715 203 755 233 11.
1101 206 1138 232 :31

109 290 246 322 Deorum
263 293 364 320 autem
386 288 477 331 jussu
495 289 632 320 Ixionem
658 288 745 319 aiunt
762 289 827 320 brec
844 288 1024 319 mortalibus
1044 287 1143 319 dicere

111 342 143 372 in
155 342 234 372 alata
248 345 314 372 rota
329 345 476 382 perpetuo
493 341 679 379 volutatum,
695 345 731 371 ut
749 341 975 371 benefactorem
991 344 1078 380 grata
1097 350 1144 370 re-

111 392 320 423 muneratione
337 392 470 422 vicissim
484 391 654 422 afficientes
671 392 784 422 colant.
806 410 850 414 —
873 390 1025 431 Expertus
1039 395 1144 421 autem
1158 397 1204 419 Str.
1218 396 1240 417 Ξ.

110 444 160 474 ille
183 448 229 474 est
251 454 314 474 rem
343 443 516 474 manifesto.
559 442 732 473 Benevolos
767 441 851 472 enim
884 441 966 482 apud
998 440 1145 472 Cronidas

102 494 275 536 jucundam
290 505 384 535 agens
406 493 509 531 vitam,
534 503 597 524 non
620 494 675 524 (liu
697 493 842 524 sustinuit
866 503 933 523 eam
957 492 1147 531 felicitatem,

108 546 215 577 insana.
230 551 334 577 mente
346 545 366 576 J
370 556 502 577 unonem
519 545 593 576 dum
606 545 734 586 deperit,
746 555 838 585 quani
852 544 871 575 J
876 545 939 575 ovis
963 543 1147 585 conjugium

109 602 194 628 tenet
207 597 310 628 dulce.
354 597 397 628 At
413 598 511 638 ipsum
528 596 700 637 petulantia
714 596 751 626 ad
769 596 869 626 seclus
885 595 1024 626 insolens
1041 595 1145 636 impu-

108 649 154 680 lit.
200 649 278 680 Mox
295 659 365 679 vero
381 658 488 689 passus
503 647 597 688 digna
612 647 796 688 exquisitam
814 647 946 677 sustinet
961 657 1144 677 aerumnam.

108 699 184 731 Duo
205 705 309 731 autem
334 699 456 737 delicta,
481 710 553 740 quae
577 699 785 729 calamitatem
812 698 890 728 lianc
913 698 941 728 ei
965 698 1145 734 attulerunt,

107 756 192 782 erant
202 763 212 782 :
236 756 267 782 et
281 750 362 792 quod
373 750 459 781 beros
472 754 638 790 cognatum
653 750 837 790 sanguinem
853 753 1071 790 (cognatorum
1082 760 1145 780 cae-

106 802 194 840 dem)
219 802 334 844 primus
351 812 412 832 non
427 801 493 832 sine
509 800 612 831 fraude
638 801 743 830 intulit
769 800 965 838 homiuibus3
990 804 1145 838 (socerum

108 853 283 884 Deioneum
301 853 473 890 necando3)
496 871 540 875 —
561 857 593 883 et
608 851 691 892 quod
715 851 1145 892 magna-penetralia-liaben-

107 905 189 935 tibus
205 904 528 945 (magnismliquantlo
545 904 576 934 in
593 903 734 934 thalamis
749 903 836 934 Jovis
848 914 974 934 uxorem
997 903 1144 933 sollicita-

109 955 162 986 vit.
207 955 373 987 Enimvero
388 957 432 987 fas
447 961 493 986 est
507 967 559 996 pro
574 966 606 986 se
623 955 675 994 (ad
692 967 784 986 suum
799 966 956 996 quemque
968 954 1142 991 modulum)

106 1018 228 1048 semper
241 1006 391 1048 cujusque
406 1007 447 1037 rei
464 1007 496 1037 in
512 1007 609 1037 oculis
634 1005 742 1036 habere
768 1006 904 1037 modum.
949 1005 1143 1036 Concubitus

107 1058 260 1098 illegitimi
277 1059 308 1089 in
332 1059 449 1088 malum
474 1058 583 1098 ingens
612 1056 762 1098 conjicere
786 1058 885 1087 solent
910 1056 1059 1087 homines.
1103 1055 1142 1085 In

107 1119 184 1149 quos
199 1109 290 1140 etiam
309 1109 359 1140 hic
376 1109 504 1148 incidit3
528 1108 777 1150 quandoquidem
795 1119 865 1138 cum
884 1109 964 1138 nube
975 1107 1142 1138 concubuit

106 1159 242 1191 fraudem
252 1160 374 1190 dulcem
388 1165 523 1191 sectatus
536 1160 658 1201 ignarus
670 1159 773 1190 homo.
798 1159 909 1190 Forma
918 1160 1000 1190 enim
1013 1160 1140 1198 (nubes)

110 1211 371 1251 praestantissimae
383 1211 558 1242 assimulata
573 1216 636 1242 erat
652 1211 768 1241 calesti
785 1211 857 1242 ffliae
873 1210 1010 1248 Saturni,
1025 1210 1141 1251 basque

110 1261 233 1293 insidias
248 1262 303 1304 ipsi
320 1263 454 1294 fecerant
467 1263 553 1294 Jovis
565 1273 685 1301 manus,
698 1263 836 1304 pulcram
848 1262 1024 1304 perniciem.
1053 1262 1140 1295 Qua·

109 1313 275 1344 driradium
290 1319 395 1345 autem
410 1314 526 1356 peperit
550 1314 607 1345 sibi
631 1313 787 1344 vinculum
803 1333 848 1337 -—
862 1324 949 1344 suam
972 1313 1140 1354 perniciem

108 1365 159 1396 ille
171 1364 315 1406 quidem3
341 1372 471 1407 tumque
487 1366 518 1396 in
548 1366 601 1396 lias
625 1366 832 1396 membrorum
861 1365 1035 1406 compedes,
1060 1364 1140 1395 unde

106 1415 231 1446 evadere
248 1426 308 1446 non
325 1416 438 1455 liceret,
450 1416 622 1458 conjectus,
638 1417 720 1448 illam
739 1416 1078 1456 admodum—vulgatam
1088 1415 1143 1446 de·

108 1466 232 1497 claravit
247 1467 443 1499 sententiam.
487 1468 611 1508 Absque
622 1467 738 1498 Gratiis
748 1478 818 1498 vero
830 1467 858 1497 ei
867 1468 987 1508 peperit
1003 1467 1144 1506 (Nubes)

107 1518 172 1548 sola
186 1518 281 1548 solam
298 1519 434 1549 sobolem
452 1522 665 1557 monstrosam,
680 1529 780 1560 neque
792 1518 871 1549 inter
882 1518 1022 1549 homines
1033 1529 1142 1560 accep-

106 1573 183 1607 tam,
192 1580 290 1610 neque
296 1569 421 1601 deorum
432 1570 554 1601 sedibus
564 1582 573 1608 ;
587 1581 679 1610 quam
688 1570 867 1607 nominavit,
878 1581 950 1600 cum
958 1570 1142 1607 enutriisset,

107 1618 305 1651 Centaurum.
352 1621 417 1654 Qui
433 1633 504 1653 cum
520 1623 655 1662 equabus
671 1621 842 1662 Magnesiis
858 1632 1039 1662 congressus
1054 1621 1142 1653 estin

109 1670 185 1702 Pelii
209 1673 422 1712 convallibus;
446 1673 578 1714 indeque
603 1674 666 1704 nati
692 1677 766 1704 sunt
789 1674 920 1715 populus
943 1673 1141 1704 admirandus

108 1722 242 1764 utrisque
268 1723 382 1757 similes
405 1725 593 1765 parentibus,
618 1724 706 1755 matri
736 1724 860 1765 quidem
888 1724 1024 1763 inferius,
1048 1724 1139 1755 desu-

107 1784 162 1815 per
176 1784 246 1804 νει-ο
261 1775 349 1815 patri.
370 1794 414 1798 —
436 1775 524 1806 Deus
543 1786 669 1807 omnem
695 1786 734 1807 ex
758 1779 829 1806 voto
856 1775 972 1806 exitum
999 1775 1157 1817 perficiu-

108 1825 196 1864 deus,
211 1826 263 1866 qui
278 1826 371 1857 etiam
387 1827 542 1867 pernicem
565 1827 698 1868 aquilam
720 1826 905 1867 adsequitur,
926 1831 959 1857 et
986 1827 1139 1857 marinum

105 1876 269 1907 antevertit
281 1877 469 1918 delphinem,
484 1881 516 1908 et
529 1879 730 1918 superborum
742 1878 873 1918 aliquem
886 1877 1047 1918 prosternit
1061 1889 1140 1908 mor-

105 1926 224 1966 talium,
240 1933 346 1959 contra
360 1928 426 1959 aliis
441 1929 543 1968 decus,
561 1940 621 1959 non
639 1940 801 1960 senescens
817 1930 944 1970 praebet.
990 1929 1046 1959 Me
1071 1940 1140 1960 vero

102 1983 224 2019 oportet
239 1980 346 2020 sugere
363 1980 496 2010 belluam
514 1980 668 2019 infestam,
685 1980 941 2012 maledicentiam.
968 1983 1038 2021 (nec
1055 1981 1139 2011 Ixio-

105 2029 152 2059 nis
168 2030 279 2060 scelera
293 2035 324 2060 et
339 2041 447 2072 poenas
461 2031 576 2062 diutius
592 2032 772 2072 exagitare.)
805 2032 878 2062 Scio
892 2032 988 2070 enim,
1001 2032 1138 2073 quamvis

105 2082 270 2121 (tempore)
286 2083 389 2122 procul
406 2083 443 2112 ab
461 2083 523 2118 illo,
541 2084 672 2113 multum
688 2083 718 2113 in
738 2083 920 2121 miseriatin
937 2094 1048 2124 magna
1058 2083 1138 2114 diffi-

103 2131 217 2161 cultate
233 2132 452 2170 constitutum)
474 2134 708 2165 conviciatorem
735 2135 956 2165 Archilochum
985 2135 1140 2166 maledicis

1161 863 1214 884 Ant.
1231 867 1250 887 ’,0,

1156 1308 1200 1334 Ea.
1212 1313 1234 1332 t‘.

1170 1343 1209 1364 75.
