1439 2437
323 223 364 249 48
728 220 951 252 ΡΥΤΗΙΑ.

217 310 307 350 Ant-a
323 305 457 335 maxime
473 305 508 335 ad
526 306 663 345 regulam
678 306 803 344 incedit,
826 325 869 330 —
891 311 1060 348 patruoque
1080 308 1244 349 (proxime)
1271 320 1357 340 acce-

249 346 290 368 40'
321 357 409 394 dens,
425 357 517 387 decus
542 357 686 397 (virtutis)
707 358 852 388 exhibet:
876 358 1096 400 prudentiaque
1123 359 1241 390 divitias
1267 361 1356 401 regit,

322 418 379 437 nec
393 407 542 448 injustum
560 419 615 438 nee
636 409 818 438 insolentem
832 408 968 450 juventae
988 410 1093 440 florem
1110 409 1284 450 decerpenS,
1301 411 1354 442 sed

319 458 500 499 sapientiam
518 459 550 489 in
574 460 740 490 recessibus
768 459 933 490 Pieridum.
979 460 1027 490 Ad
1052 465 1081 490 te
1109 471 1239 501 quoque,
1264 466 1351 492 terrae

319 514 484 549 quassatur,
498 510 550 550 qui
567 515 737 550 equestrem
762 509 917 540 incessum
934 510 1087 549 invenisti,
1116 510 1200 541 valde
1224 512 1350 552 probato

320 559 402 600 (tibi)
414 561 528 598 animo,
539 561 696 601 Neptune,
708 571 771 591 sese
781 561 925 601 applicat.
970 561 1080 592 Dulcis
1091 572 1159 592 vero
1171 561 1236 603 ejus
1250 573 1348 600 mens,

317 613 410 642 etiam
428 612 458 641 iu
476 612 692 650 conversando,
709 623 780 642 cum
797 611 944 650 convivis,
957 621 1049 653 apum
1066 617 1186 654 superat
1196 614 1346 644 cancella-

317 668 384 694 tum
400 674 487 704 opus.

701 900 959 935 PYTH.V11.

398 991 737 1032 MEGACLI
774 991 1265 1036 ATHENIENSL

701 1102 977 1136 QUADRIGIS.

311 1188 579 1229 PULcEanUM
597 1197 788 1238 magna,urbs
798 1197 928 1227 Athenae
946 1200 1047 1236 (sunt)
1066 1197 1264 1238 prooemium,
1276 1208 1337 1239 quo

310 1250 590 1282 Alcmaeonidarum
604 1248 799 1289 late-potenti
815 1248 898 1289 stirpi
915 1248 1147 1278 fundamentum
1164 1248 1334 1278 carminum

308 1302 339 1332 in
355 1300 567 1342 quadrigarum
583 1299 706 1329 victoria
717 1298 858 1340 jaciatur.
904 1298 1060 1339 Siquidem
1086 1309 1251 1338 quamnam
1280 1299 1336 1329 tri·
1438 1340 1439 1349 ἵ

309 1354 395 1390 bum,
413 1362 565 1392 quamque
582 1350 731 1381 familiam
748 1350 937 1380 habitantem
964 1351 996 1381 in
1024 1349 1146 1381 Graecia
1169 1349 1335 1390 praedicem
1407 1370 1408 1377 η
1436 1354 1438 1382 μ’

308 1404 390 1433 fama
407 1402 623 1433 illustriorem?
648 1420 690 1425 —
714 1401 750 1431 In
776 1398 919 1431 omnibus
943 1401 1024 1432 enim
1054 1400 1228 1431 civitatibus
1256 1401 1337 1431 fama
1405 1404 1406 1407 ’
1434 1410 1436 1427 s

309 1458 443 1485 versatur
458 1452 625 1483 Erechthei
644 1452 770 1490 civium,
788 1452 1111 1491 (Alcmaeonidarum‚)
1131 1451 1184 1492 qui
1199 1455 1296 1489 tuam,
1318 1461 1337 1481 ο

308 1506 430 1546 Apollo,
448 1504 544 1534 aedem
559 1503 591 1533 in
608 1503 748 1543 Pythone
765 1503 866 1533 divina
881 1503 1090 1534 admirandam
1107 1506 1333 1532 exstruxerunt.

308 1556 477 1596 Impellunt
489 1565 558 1585 vero
574 1554 665 1584 etiam
684 1565 733 1584 me
750 1554 786 1584 ad
804 1555 977 1585 canendum
994 1554 1129 1595 quinque
1154 1553 1185 1583 in
1212 1553 1334 1583 Isthmo

306 1607 453 1643 victoriae,
470 1616 590 1646 unaque
606 1606 781 1646 pracellens
798 1606 876 1646 apud
893 1605 978 1636 Jovis
995 1605 1185 1646 Olympiam,
1201 1604 1333 1644 duaeque

217 1673 292 1702 ffimd,
307 1669 322 1688 e
339 1658 455 1695 Cirrha,
471 1676 514 1680 -—-
531 1661 647 1695 vestrae,
664 1668 682 1687 o
695 1657 862 1697 Megaeles,
876 1661 905 1687 et
921 1657 1159 1698 progenitorum.
1205 1655 1332 1696 Nupero
1424 1655 1428 1688 ι’

240 1709 276 1728 ¹5·
306 1713 409 1739 autem
426 1719 568 1738 successu
583 1708 662 1738 felici
679 1707 796 1748 gaudeo
813 1708 1022 1748 aliquantum3
1047 1707 1076 1738 id
1093 1718 1161 1737 vero
1171 1706 1268 1743 doleo,
1281 1706 1331 1736 in-
1423 1716 1424 1721 ¹

305 1760 415 1790 vidiam
432 1759 569 1800 excipere
579 1760 723 1800 praeclara
731 1759 875 1789 facinora.
900 1759 998 1789 Aiunt
1009 1759 1121 1799 utique,
1135 1760 1221 1798 (noto
1231 1757 1327 1796 dicto)
1420 1750 1424 1807 J

305 1811 347 1840 sie
363 1810 490 1847 homini,
507 1810 538 1840 in
555 1810 654 1841 stabili
670 1810 762 1840 etiam
787 1811 971 1850 florenteque
995 1810 1150 1849 felicitate,
1176 1808 1329 1850 quandam
1387 1809 1388 1817 ¹

305 1866 407 1891 tamen
423 1872 523 1892 rerum
540 1861 781 1892 vicissitudinem
799 1862 933 1895 accidere
948 1862 1054 1892 solere.

203 1215 254 1238 Str.
270 1218 293 1239 1.

207 1423 260 1445 Ant.
272 1425 294 1445 8.
