1439 2437
478 182 712 215 CARMEN
737 181 791 213 IV.
1121 180 1160 215 67

122 278 171 304 tus
195 272 256 303 sole
272 276 344 302 tuus
375 275 459 312 pater
490 274 665 302 foveretur:
689 268 769 299 varie
786 267 916 308 (variatis
940 266 1035 306 sonis)
1064 265 1160 297 citha-

119 334 183 354 ram
211 323 344 364 pulsanS,
375 332 469 363 saepe,
497 320 534 351 ad
574 320 632 351 hoc
664 330 786 350 carmen
816 328 990 355 conversuS,
1007 317 1158 358 hymnum

120 378 294 405 cantaturus
319 372 425 403 fuisset
459 371 647 402 victorialem
675 389 716 393 —
744 369 890 399 Cleonaeo
922 379 960 398 cx
992 368 1159 398 certamine
1176 368 1276 399 Ep.9.7.

119 425 232 456 monile
252 424 388 465 (seriem)
410 433 590 454 coronarum
608 421 813 452 deducentem
832 419 997 459 insignium
1016 423 1045 449 et
1056 419 1158 458 splen-

118 476 195 508 didis
219 477 257 506 ab
282 475 413 506 Athenis
437 474 614 514 Thebisque
645 471 878 513 scptiportibus;
910 469 1158 511 quandoquidem

116 526 352 568 Amphitruonis
367 526 514 555 celebrem
532 524 612 565 apud
629 524 784 554 tumulum
816 521 944 552 Cadmei
968 522 1054 552 illum
1077 521 1159 551 haud

117 578 205 609 inviti
223 578 344 608 floribus
358 580 540 607 coronarunt
556 580 678 616 propter
694 574 853 615 AEginam.
880 572 927 602 Ad
944 571 1058 602 amicos
1074 572 1156 602 enim

118 630 234 661 amicus
250 629 404 670 profectus
423 627 454 657 in
481 627 664 667 hospitalem
691 627 798 656 urbem
825 623 994 661 descendit,
1011 623 1157 653 Herculis

119 682 239 711 beatam
256 680 294 710 ad
310 680 422 714 aulam,
438 696 481 702 —
497 689 568 709 cum
586 688 647 718 quo
675 677 747 707 olim
764 675 888 717 Trojam
905 676 1045 706 robustus
1063 674 1155 704 Tela·
1170 680 1218 704 Str.
1234 685 1256 705 ·.›.

118 743 192 763 mon
209 731 335 762 vastavit
350 736 381 761 et
408 730 554 771 Meropes
569 735 600 760 et
613 740 759 769 magnum
778 729 953 759 bellatorem
970 726 1155 758 horrendum
1179 715 1218 734 ω’

118 784 295 824 Alcyonea3
320 787 503 812 nontamen
528 781 702 822 priusquam
728 780 889 821 quadrigas
913 778 1075 810 duodecim
1101 779 1155 809 lie—¹

118 844 245 875 roesque
270 834 446 864 insistentes
462 831 793 873 equorum-domitores
810 831 855 861 bis
870 830 997 861 totidem
1015 840 1088 860 saxo
1101 830 1152 870 (is)

117 889 295 926 peremerat.
318 883 589 925 Inexpertus-belli
615 893 678 913 esse
694 882 840 920 videatur,
856 893 919 912 rem
936 882 1077 922 hancqui
1091 892 1154 911 non

118 941 293 977 assequatur
317 936 438 966 animo:
463 933 612 975 siquidem
637 939 807 975 patrantem
837 934 900 974 pati
928 933 1019 963 etiam
1037 932 1153 973 aliquid

119 987 274 1018 convenit.
291 1006 332 1011 --
351 986 475 1017 Prolixa
490 990 593 1016 autem
610 985 710 1025 eloqui
726 984 865 1026 prohibet
882 994 931 1014 me
947 985 995 1014 lex
1009 984 1153 1024 horaeque
1169 985 1225 1026 1⁴2⁸·
1239 989 1260 1010 Ξ.

117 1042 333 1078 properantes:
359 1037 528 1079 cupiditate
553 1041 657 1067 tamen
682 1035 783 1066 trahor
807 1035 922 1073 animo,
939 1035 969 1065 in
995 1035 1153 1065 novilunio
1178 1019 1219 1041 ⁵⁸*

119 1089 274 1129 (sollenni)
294 1088 442 1129 attingere
462 1088 557 1129 (ista).
582 1087 816 1125 Verumtamen,
831 1087 887 1117 etsi
906 1085 1041 1116 medium
1060 1090 1089 1116 te
1105 1090 1152 1116 te-

118 1145 172 1170 net
188 1141 284 1171 altum
302 1140 393 1170 maris
419 1149 525 1181 aequor
553 1139 679 1178 (mens),
704 1138 807 1168 resiste
833 1137 960 1168 insidiis.
1010 1136 1151 1167 Multum

115 1191 286 1221 videbimur
301 1191 475 1222 adversariis
491 1189 698 1230 superioresin
715 1190 785 1220 luce
801 1189 958 1226 incedere3
982 1188 1084 1219 invide
1095 1199 1151 1219 au-

117 1246 180 1273 tem
197 1242 272 1272 alius
288 1243 354 1283 quis
371 1242 506 1280 intuens,
533 1241 697 1271 consilium
724 1240 815 1270 inane
840 1240 871 1270 in
897 1239 1030 1270 tenebris
1055 1239 1151 1269 volvit

76 1299 80 1303 '
116 1293 560 1324 —-irrite-in-terram-cadens.
598 1291 680 1322 Mihi
695 1302 766 1322 vero
788 1302 879 1332 quam
904 1291 1047 1321 virtutem
1064 1290 1147 1321 dedit
1162 1290 1239 1329 Eped·
1253 1292 1279 1315 9.

116 1344 251 1375 Fortuna
266 1344 380 1385 regina,
397 1345 475 1374 bene
488 1343 551 1374 scio
566 1347 689 1384 tempus
702 1343 865 1383 insequens
881 1353 957 1380 esse,
981 1341 1081 1382 quoad
1094 1351 1148 1383 per
1176 1327 1216 1347 ⁶⁰⁸

116 1397 213 1426 satum
230 1395 346 1433 licebit,
363 1399 564 1426 servaturum.
589 1393 739 1432 Contexe,
752 1405 770 1424 ο
783 1393 892 1431 dulcis,
903 1393 995 1423 etiam
1012 1393 1072 1423 hoc
1085 1397 1148 1423 sta-

117 1447 186 1486 tim,
204 1447 329 1485 cithara,
346 1446 474 1487 Lydiam
492 1446 529 1477 ad
545 1446 734 1477 harmoniam
754 1455 876 1476 carmen
892 1449 1014 1485 gratum
1042 1444 1148 1475 OEno—

116 1508 227 1539 naeque
251 1502 282 1527 et
306 1497 417 1539 Cypro,
451 1497 503 1527 ubi
534 1497 654 1527 Teucer
685 1501 792 1537 regnat
818 1495 1070 1534 Telamoniades;
1095 1496 1147 1526 sed

116 1549 194 1590 Ajax
213 1550 399 1580 Salaminem
411 1554 493 1579 tenet
503 1549 652 1591 patriam3
667 1568 700 1569 ff
715 1548 806 1588 inque
817 1547 891 1578 mari
907 1547 1032 1577 Euxino
1041 1547 1146 1587 splen·
1159 1561 1207 1586 s„-
1220 1564 1244 1586 3.

117 1599 218 1630 didam
230 1599 364 1630 Achilles
375 1600 505 1630 insulam
517 1611 526 1638 3
550 1599 719 1640 Thetisque
730 1600 904 1630 dominatur
915 1599 1048 1637 Phthiae,
1059 1598 1144 1629 Neo·
1174 1595 1216 1619 79.

118 1651 328 1692 ptolemusque
353 1650 384 1680 in
411 1650 508 1691 Epiro
532 1651 592 1680 late
618 1654 771 1691 protenta,
798 1651 1067 1691 boves-pascentes
1092 1649 1147 1681 ubi

117 1706 237 1732 montes
253 1700 357 1730 eximii
373 1701 466 1742 positi
481 1706 563 1739 sunt,
588 1711 605 1731 a
629 1701 763 1731 Dodona
787 1701 978 1742 incipientes,
1001 1701 1037 1732 ad
1063 1712 1146 1732 mare

117 1752 251 1784 Ionium.
291 1751 365 1782 Pelii
391 1757 493 1783 autem
525 1752 562 1783 ad
587 1752 715 1790 radices,
742 1752 1146 1784 in-servitutem-redactam

118 1805 242 1836 Iolcum
259 1803 360 1834 hostili
374 1814 467 1834 manu
485 1814 642 1845 aggressus
661 1803 768 1834 Peleus
786 1803 908 1834 tradidit
927 1803 1145 1841 Haemonibus‚

116 1855 355 1896 —Hippolytae,
386 1855 493 1886 Acasti
525 1855 638 1893 uxoris,
664 1855 775 1886 dolosis
803 1855 919 1885 artibus
952 1855 1144 1896 illaqueatus.
1160 1856 1218 1880 Ant.
1231 1858 1255 1880 3-

119 1906 239 1937 Daedali
255 1910 356 1936 autem
374 1906 474 1946 gladio
492 1906 684 1936 machinatus
701 1911 747 1936 est
762 1905 789 1936 ei
807 1911 937 1937 mortem
951 1918 1005 1947 per
1021 1908 1147 1938 insidias
1177 1889 1217 1912 92.

119 1956 212 1989 Peliae
229 1956 308 1987 filius
327 1957 507 1997 (Acastus):
531 1956 647 1997 depulit
663 1962 765 1987 tamen
792 1962 823 1987 et
849 1968 866 1987 a
889 1957 967 1988 Jove
995 1959 1146 1991 constitu-

119 2011 185 2037 tum
200 2007 296 2038 fatum
314 2007 351 2038 ad
363 2012 506 2038 eventum
532 2007 672 2048 perduxit
700 2007 826 2038 Chiron.
864 2008 974 2048 Ignem
1002 2020 1072 2040 vero
1096 2010 1147 2040 ille

119 2057 424 2096 omnia-vincentem,
438 2058 649 2099 ferociumque
665 2059 790 2089 leonum
809 2069 928 2099 ungues
940 2058 1144 2100 ac'utissimos,

119 2108 277 2150 aciemque
289 2109 508 2141 horrendorum
525 2119 597 2140 cum
623 2109 819 2141 sustinuisset
835 2110 987 2151 dentium,
1000 2131 1044 2136 —
1057 2112 1146 2145 duxit
1160 2094 1251 2152 1³:³65?
