1439 2437
468 214 703 245 CARMEN
731 213 783 244 Vl.
1130 221 1148 247 9

110 301 178 332 laris
188 301 288 332 rhcdae
303 300 534 341 l'saumidisqne
551 300 650 338 dona3
665 300 717 341 qui
728 304 812 331 tuam
825 300 928 330 urbem
945 300 1147 342 amplificans,

111 364 130 383 ο
143 351 315 387 Camarina,
332 352 517 393 populorum
535 351 685 389 altricem,
700 361 764 382 aras
789 361 840 381 sex
867 351 1007 391 geminas
1033 352 1147 383 conde·

111 403 235 441 coravit,
258 404 335 434 festo
357 403 483 434 deorum
508 403 656 441 maximo,
680 413 751 433 cum
775 402 868 432 boum
885 402 1041 433 sacrificiis
1058 402 1148 433 ludo-

110 464 240 495 rumque
255 454 390 494 quinque
400 453 520 485 dierum
531 453 760 491 certaminibus,
771 464 920 494 equorum
936 454 1148 495 malarumque

110 505 257 543 curribus,
274 504 479 546 singularique
495 515 585 546 equo.
629 504 702 535 Tibi
719 510 822 535 autem
846 505 975 545 gloriam
1000 506 1146 537 eximiam

110 556 207 588 victor
221 556 419 597 comparavit,
435 561 467 586 et
482 566 572 586 suum
589 560 707 596 patrem
725 556 879 586 Aaronem
905 556 1102 596 proclamavit
1118 561 1149 587 et

110 618 214 639 recens
227 607 393 638 habitatam
410 607 524 638 sedem.
542 625 583 630 —
600 607 735 638 Rediens
751 612 856 638 autem
874 606 1024 639 OEnomai
1040 613 1071 638 et
1090 608 1146 639 Pe·
1159 605 1219 630 ¹¹¹²*-
1241 609 1280 630 ‘2⁰-

111 659 187 700 lopis
203 660 240 690 ab
257 659 441 690 amabilibus
456 658 579 689 sedibus
596 664 697 696 tuum,
713 669 732 688 o
753 658 860 695 Panas,
878 658 1000 689 urbium
1023 669 1146 690 conser-

110 708 218 746 vatrix,
231 708 361 741 illustrat
373 717 492 738 sacrum
510 708 628 746 lucum,
641 707 832 748 fluviumque
845 707 984 746 Oanum,
1000 707 1146 748 patriam—

110 770 169 800 que
192 759 347 800 paludem,
368 770 528 800 sacrosque
553 760 664 797 alveos,
691 758 838 800 Hipparis
863 769 915 800 per
940 769 1016 800 quos
1039 760 1146 790 labens

111 821 203 852 aquas
238 810 412 852 suppeditat
448 812 572 852 populo,
603 811 766 852 educitque
800 810 969 850 (Psaumis)
1008 810 1146 842 celeriter

110 861 267 892 stabilium
290 862 403 892 aedium
426 863 518 894 altam
543 863 662 901 silvam,
678 872 695 893 e
711 872 812 893 rerum
835 861 938 903 inopia
960 862 1091 893 evehens
1107 862 1144 893 ad

110 912 341 953 prosperitatem
357 913 476 944 huncce
491 914 640 954 populum
655 913 779 945 civium.
830 913 959 954 Semper
975 913 1100 955 quidem
1112 914 1146 946 in

112 963 231 1003 magnis
240 963 320 994 ausis
330 964 413 995 labor
422 969 601 1005 sumtusque
611 969 730 996 certant
740 964 770 995 in
788 964 947 995 subeundo
963 975 1054 1006 opere
1065 965 1144 1006 peri-

110 1013 186 1044 culis
196 1018 298 1053 tect03
316 1015 368 1046 sed
377 1016 430 1056 qui
441 1016 518 1047 bene
534 1027 597 1047 rem
614 1021 736 1057 gerunt,
752 1016 904 1057 sapientes
918 1016 1010 1047 iidem
1027 1016 1144 1048 civibus

107 1064 258 1096 videntur.
272 1085 313 1090 -—
329 1066 359 1097 O
370 1073 502 1098 servator
513 1067 544 1098 in
555 1068 624 1098 altis
635 1067 768 1098 nubibus
784 1067 920 1109 Jupiter,
945 1067 1144 1099 Saturnium·
1157 1068 1204 1100 ΕΡ·
1215 1068 1256 1093 39.

104 1126 164 1156 que
174 1116 346 1149 inhabitans
354 1119 477 1158 collem,
488 1121 637 1161 tuensque
647 1120 802 1161 Alpheum
815 1121 875 1150 late
893 1121 1052 1157 fluentem,
1063 1120 1144 1151 Idae-

107 1174 219 1204 umque
229 1176 348 1198 sacrum
366 1172 499 1206 antrum,
511 1169 548 1199 ad
560 1173 590 1199 te
606 1169 735 1209 supplex
752 1169 841 1199 venio
857 1169 959 1208 Lydiis
977 1169 1140 1201 modulans

106 1214 200 1253 tibiis,
210 1217 372 1256 petiturus,
382 1222 417 1248 ut
429 1220 531 1249 urbem
544 1220 624 1249 hauc
634 1219 765 1250 strenuis
776 1219 844 1250 viris
856 1219 970 1250 inclitis
984 1230 1072 1250 ornes
1083 1232 1093 1258 3
1108 1226 1144 1251 ut

106 1270 136 1296 ct
153 1270 195 1303 tu,
208 1267 300 1308 Olym
305 1268 372 1309 pice
384 1268 489 1307 victor,
498 1269 667 1310 Neptuniis
677 1269 763 1310 equis
773 1269 910 1310 gaudens
920 1269 1026 1301 fruaris
1036 1281 1142 1301 senec-

108 1321 175 1348 tute
192 1317 230 1348 ad
246 1318 341 1350 finem
364 1319 436 1351 vitae
460 1320 633 1361 tranquilla,
650 1320 730 1358 filiis,
746 1331 765 1350 ο
788 1320 925 1358 Psaumi,
942 1320 1144 1352 adstantibus.

105 1366 191 1399 Bene
208 1370 407 1402 constitutam
424 1376 526 1402 autem
540 1371 565 1402 si
581 1371 648 1412 quis
664 1371 843 1403 felicitatem
860 1371 965 1411 habet,
983 1372 1143 1403 abundans

103 1418 225 1459 opibus,
238 1420 419 1464 laudemque
430 1422 554 1464 insuper
567 1427 790 1464 consequutus,
802 1423 826 1454 is
838 1433 875 1454 nc
892 1427 1006 1454 temere
1024 1428 1143 1465 quaerat

103 1469 176 1501 deus
192 1470 266 1503 fieri,

486 1654 688 1691 OLYMP.
718 1656 777 1690 Vl.

202 1745 500 1786 AGESLE
539 1747 1040 1792 SYRACUSANO,

429 1858 590 1886 RHEDA
623 1858 820 1886 MULARI.

112 1941 141 1980 Α
151 1963 275 1985 URATAS
285 1956 478 1998 subjicientes
489 1960 565 1990 bene
574 1964 728 1991 exstructo
737 1960 847 1991 domus
861 1960 1011 1990 vestibulo
1021 1960 1141 1990 colum·
1156 1968 1202 1992 Str.
1218 1974 1227 1994 ι
1238 1987 1243 1992 .

111 2013 175 2042 nas,
204 2007 354 2046 praeclaris
381 2010 463 2040 velut
491 2010 521 2040 in
550 2010 679 2048 aedibus,
711 2011 890 2042 educemus
936 2010 1141 2052 Auspicantes

112 2055 193 2085 enim
210 2067 285 2098 opus
302 2060 431 2091 frontem
448 2062 534 2092 decet
544 2073 656 2103 ponere
672 2063 763 2103 longe
779 2063 982 2104 splendidam.
1028 2061 1061 2093 Si
1073 2072 1142 2093 vero

109 2106 148 2138 sit
164 2108 346 2150 Olympicus
369 2112 474 2152 victor,
492 2125 610 2155 araeque
627 2115 758 2146 fatidicae
776 2115 863 2146 Jovis
880 2115 910 2145 in
928 2113 996 2144 Pisa
1011 2115 1141 2154 praefec-

111 2162 170 2197 tus,
187 2160 382 2203 conditorque
407 2165 556 2197 nobilium
581 2166 813 2205 Syracusarum,
831 2175 995 2207 quemnam
1013 2164 1062 2194 ille
1080 2175 1141 2197 non

198 2221 267 2242 vor.
293 2223 326 2244 ιι.
609 2226 625 2243 r·
