1439 2437
193 406 238 429 Fa»,
250 410 264 430 5

208 442 259 463 ΗΜ.

194 1291 239 1314 Szr.
253 1295 262 1313 1

170 1603 223 1624 ΑΓΛ.
238 1605 271 1625 15.

294 221 337 246 ω)
698 218 916 249 PYTHIA

294 301 417 332 modum
434 303 606 333 sumttbus:
630 304 680 334 scd
698 305 845 345 expande,
871 309 1027 344 tamquam
1045 305 1240 345 gubernator,
1257 315 1313 334 ve-

291 353 354 382 lum
373 358 545 383 ventosum.
569 353 617 383 Ne
633 354 889 391 circumveniaris,
908 365 926 384 o
943 354 1050 392 amice,
1066 354 1182 385 blandis
1194 354 1313 385 insidiis

290 404 521 441 (adulatorum).
552 404 921 446 Post-mortem-sequens
936 406 1016 435 fama
1039 406 1168 446 gloriosa
1184 424 1226 428 —
1243 406 1308 436 sola

286 454 501 485 defunctorum
517 456 646 486 virorum
679 457 770 487 vitam
799 456 929 486 declarat
959 461 1021 487 tam
1052 467 1106 497 per
1131 456 1307 497 scriptores,

287 515 378 545 quam
394 516 447 546 per
462 510 576 546 poetas.
617 506 688 537 Non
706 507 780 547 perit
797 506 896 537 Croesi
913 507 1047 537 benefica
1062 507 1166 537 virtus.
1211 508 1254 538 At
1271 508 1303 537 in

285 560 371 585 tauro
387 567 475 586 aeneo
490 556 682 594 (hominum)
707 559 904 588 ustulatorem
936 568 1052 588 saevum
1069 562 1170 587 mente
1196 557 1307 588 Phala-

283 605 338 635 rim
358 605 453 636 invisa
470 612 551 636 tenet
568 608 681 648 ubique
697 609 786 645 fama,
804 619 901 648 neque
918 608 1018 649 ipsum
1035 608 1159 638 citharae
1182 608 1305 638 domes-

284 655 352 686 ticae
378 657 408 686 in
440 658 625 688 consortium
653 669 744 689 suave
767 669 929 699 puerorum
956 658 1095 689 cantibus
1125 657 1305 688 admittunt.

282 707 324 735 At
340 707 419 736 bona
435 709 556 737 fortuna
572 709 628 745 uti,
645 709 775 750 primum
802 710 997 750 praeniioruni
1013 721 1021 747 ;
1046 710 1122 739 bene
1151 719 1220 739 vero
1246 719 1305 738 au—

280 756 352 792 dire,
369 758 500 788 secunda
516 759 652 790 felicitas.
678 760 852 801 Utrumque
867 766 968 791 autem
984 761 1171 801 quicumque
1187 760 1302 800 attige-

280 807 318 837 rit
334 813 499 849 nactusque
512 810 612 848 fuerit,
630 811 653 841 is
669 821 811 841 coronam
829 822 981 842 summam
998 811 1173 852 reportavit.

678 963 909 1000 PYTH.11.

482 1054 731 1095 EIDEM
772 1054 1121 1099 HIERONI,

714 1165 891 1193 CURRU.

268 1308 275 1315 ·
291 1270 321 1300 Ο
334 1279 449 1300 MAGN'A
468 1269 536 1299 urbs
553 1268 781 1309 Syracusarum,
791 1268 926 1299 bellicosi
939 1270 1090 1310 templum
1102 1267 1220 1306 Martis,
1231 1267 1311 1297 viro-

287 1332 353 1352 rum
371 1330 578 1361 equorurnque
594 1321 871 1350 ferro-armatorum
888 1319 989 1350 divina
1006 1319 1118 1350 nutrix.
1161 1318 1233 1348 Tibi
1249 1318 1308 1348 boc

288 1371 373 1401 claris
389 1382 405 1400 a
419 1370 535 1400 Thebis
550 1370 686 1400 adferens
708 1382 829 1401 carmen
858 1371 956 1407 venio,
985 1370 1127 1401 nuntium
1151 1369 1309 1410 quadrigae

287 1421 589 1461 terrani-quatientis,
599 1432 658 1461 qua
670 1422 765 1452 victor
775 1422 872 1452 Hiero
882 1421 1162 1461 curribus-insignis
1170 1420 1308 1451 eminus-

288 1473 477 1513 fulgentibus
493 1472 645 1502 redimivit
660 1473 821 1513 Ortygiam
839 1472 968 1509 coronis,
984 1472 1111 1502 fluvialis
1127 1471 1228 1501 sedem
1248 1470 1305 1500 Di-

287 1534 373 1560 anae3
397 1534 457 1562 qua
473 1533 534 1552 non
551 1523 627 1560 sine,
640 1523 768 1562 agilibus
784 1523 935 1559 manibus,
949 1523 1036 1552 istius
1052 1521 1236 1561 (quadrigae)
1251 1521 1306 1550 ad-

285 1575 529 1604 fabre-fraenatos
562 1574 680 1605 domuit
712 1574 821 1614 pullos.
843 1592 887 1597 —
908 1573 990 1603 Nam
1039 1571 1309 1612 sagittis-gaudens

286 1625 380 1665 Virgo
396 1636 489 1654 manu
504 1624 638 1664 gem-ina,
654 1635 825 1665 praesesque
841 1624 1042 1654 certaminum
1060 1622 1242 1659 Mercurius,
1258 1632 1306 1652 ra.—

283 1676 400 1706 diantes
416 1675 547 1715 imponit
556 1675 707 1716 phaleras,
724 1675 855 1716 politum
866 1675 988 1715 quando
1003 1674 1040 1704 ad
1050 1684 1169 1704 currum
1183 1673 1304 1713 quadri-

283 1737 396 1767 gasque
411 1726 694 1766 habenis-parentes
711 1725 818 1767 jungit
842 1727 932 1756 robur
946 1725 1103 1765 equinum,
1128 1723 1305 1764 tridentige-

282 1788 350 1808 rum
378 1781 601 1817 proepotentem
626 1776 772 1806 invocans
799 1777 904 1806 deum.
951 1775 1028 1805 Aliis
1048 1785 1117 1804 vero
1144 1774 1219 1804 alius
1239 1775 1308 1814 quis

282 1829 409 1870 perfecit
422 1834 512 1868 poeta
527 1837 672 1857 canorum
688 1827 807 1866 regibus
824 1827 972 1866 hymnum
989 1826 1151 1866 praemium
1178 1824 1306 1854 virtutis.

283 1880 438 1910 Resonant
451 1879 488 1909 de
504 1878 615 1918 Cinyra
630 1878 741 1918 passim
758 1877 861 1907 laudes
878 1876 1069 1916 Cypriorum,
1082 1886 1171 1915 quem
1187 1874 1304 1904 aurico-

281 1942 350 1961 Jnus
361 1940 507 1970 propense
517 1928 623 1959 dilexit
634 1929 755 1968 Apollo,
765 1947 808 1950 —
820 1928 1015 1964 sacerdotem,
1026 1926 1156 1963 delicias,
1166 1925 1303 1955 Veneris.

258 1982 264 1987 “
278 1982 414 2022 Impellit
431 1992 499 2011 vero
511 1981 547 2011 ad
564 1981 623 2010 hoc
636 1980 732 2020 pictas
748 1979 874 2019 gratiam
888 1979 996 2008 referre
1011 1976 1136 2007 studens
1145 1975 1235 2006 alicui
1248 1987 1302 2016 pro

278 2033 433 2063 beneficiis
448 2032 591 2072 acceptis.
634 2030 681 2061 Te
697 2041 777 2068 vcro,
804 2040 823 2059 o
846 2029 1040 2059 Dinomenec
1065 2027 1118 2064 fili,
1145 2026 1301 2067 Zephyria

279 2089 349 2114 ante
366 2084 445 2114 aedes
462 2083 622 2113 Locrensis
638 2082 721 2122 virgo
738 2082 878 2116 celebrat,
895 2080 969 2110 dum
987 2090 1023 2109 ex
1041 2077 1157 2108 bellicis
1174 2077 1297 2107 calami-

278 2135 388 2165 tatibus
420 2133 609 2166 diffie-illunis
641 2140 692 2164 tua
718 2133 825 2164 virtute
854 2132 1006 2170 (liberata)
1035 2129 1162 2160 tidenter
1187 2134 1299 2159 tuctur.
